4636 6168
244 831 381 890 nevum
415 838 453 888 ae
483 817 652 904 ostendit,
708 817 830 888 dentes
859 811 1021 900 nudavit,
1068 812 1253 882 momordit
1288 821 1324 880 et
1353 833 1494 906 asperos
1535 821 1722 902 acutosque
1760 815 1873 886 emisit

244 979 362 1044 ιιιοι,
393 957 455 1046 qui
476 958 512 1025 in
535 955 610 1024 dies
629 955 768 1025 solitum
790 952 865 1044 ejus
885 953 1050 1022 ululatum
1079 952 1190 1043 magia
1218 961 1457 1042 exaequarunt
1506 954 1636 1024 Verum
1657 964 1691 1024 et
1709 953 1872 1044 poet-boo

243 1108 379 1189 tempus
400 1095 552 1166 nondum
568 1103 662 1164 racto
679 1094 869 1198 eademque
885 1093 977 1162 linea
996 1089 1159 1160 incedere
1177 1091 1309 1181 potuit,
1330 1092 1394 1160 sed
1416 1113 1550 1182 semper
1569 1092 1735 1182 parietem
1755 1113 1874 1164 versvs

246 1234 395 1324 diduxit,
412 1243 450 1302 ut
465 1235 500 1302 ei
514 1255 552 1302 ae
567 1231 763 1303 acclinaret.
813 1231 892 1318 Quo
907 1231 1018 1322 magis
1031 1248 1114 1299 vero
1129 1229 1250 1298 vulnus
1264 1238 1317 1297 rat
1326 1251 1449 1322 magna
1463 1231 1706 1320 suppuratione
1718 1237 1873 1300 sanatum

246 1383 316 1458 est,
350 1393 393 1442 eo
411 1373 522 1464 magis
544 1371 631 1441 bueo
654 1371 767 1440 omnia
789 1379 1016 1455 evanuerunt,
1040 1369 1089 1436 ita
1111 1373 1150 1432 ut
1172 1374 1251 1457 poat
1272 1365 1424 1456 quinque
1448 1375 1507 1434 aut
1534 1389 1594 1436 sex
1617 1367 1872 1453 hebdomades,

244 1514 380 1596 praeter
403 1515 577 1576 ιιιιιιιιι
600 1514 637 1575 et
656 1504 878 1598 iugularem
888 1505 1142 1595 quodammodo
1167 1505 1380 1598 ingressum,
1416 1527 1478 1575 nec
1500 1506 1595 1577 aliud
1621 1505 1707 1595 quid
1729 1507 1774 1576 ab
1797 1505 1873 1598 ejus

245 1653 363 1714 natura
380 1645 528 1716 alienum
543 1645 780 1732 observarem,
806 1665 870 1716 uec
883 1666 1003 1716 vocem
1020 1643 1095 1736 ejus
1109 1643 1255 1735 amplius
1275 1644 1494 1713 immutatam.
1543 1645 1702 1714 Tandem
1722 1665 1799 1713 eum
1815 1643 1870 1714 in·

244 1782 386 1869 totiaci,
409 1792 448 1852 ιι
463 1782 632 1852 discerem
647 1804 727 1852 noro
744 1793 779 1852 et
792 1783 965 1871 quomodo
979 1782 1349 1855 nervosAccessorr'os
1366 1784 1616 1854 dissecuissem·
1665 1785 1775 1852 Antea
1790 1805 1873 1854 vero

244 1919 395 1990 crinibus
409 1921 492 1990 colli
508 1929 543 1990 et
557 1920 708 2011 pectoris
723 1921 891 2026 detonsis,
917 1941 1071 2012 maeque
1093 1924 1127 1992 in
1143 1923 1292 1993 tabulam
1312 1923 1491 2014 imposito,
1517 1933 1665 1990 rostrum
1683 1922 1758 2014 ejus
1775 1924 1871 1992 clau-

244 2081 319 2132 ιιι
330 2062 443 2146 teum,
467 2083 537 2151 quo
551 2060 984 2156 cogereturrebemaotius
997 2062 1205 2155 graviusque
1223 2070 1261 2130 ut
1277 2060 1472 2152 respiraret.
1521 2059 1613 2129 Tum
1628 2081 1711 2130 vero
1728 2023 1763 2128 et
1778 2081 1870 2128 mos-
1951 2123 1954 2130 .

244 2198 400 2268 culorum
416 2191 952 2268 &ernccler‘domnstoideorum
967 2209 1003 2269 et
1014 2194 1254 2269 erllurirun
1271 2197 1521 2268 contractiones
1536 2198 1790 2268 accuratissime
1808 2198 1873 2267 ob-

242 2337 389 2446 servavi²
408 2373 457 2388 -
482 2334 575 2406 Cane
590 2348 703 2408 autern
718 2339 850 2423 occiso,
875 2337 997 2405 vulnus
1013 2338 1048 2404 in
1064 2335 1200 2404 cervice
1217 2334 1293 2404 lere
1310 2343 1418 2404 toturn
1433 2345 1584 2406 mortum
1599 2336 1722 2404 inveni.
1771 2333 1872 2402 Mne·

244 2474 313 2544 coli
342 2483 378 2544 et
401 2475 626 2566 ligamentum
650 2475 783 2544 nucbac
805 2475 931 2543 librosa
950 2473 1099 2570 quadam
1123 2482 1158 2542 et
1178 2474 1401 2566 ligamentum
1422 2475 1563 2547 materia
1585 2494 1740 2564 connexa
1760 2483 1873 2558 eruat,

243 2599 332 2700 quu'o
352 2611 429 2703 ipsa
451 2612 554 2682 etiarn
580 2610 641 2680 obi
668 2612 890 2706 ligamentum
917 2611 1166 2681 obturatorium
1194 2615 1364 2704 posterius
1385 2615 1532 2684 cervicis
1553 2623 1622 2701 est,
1654 2613 1873 2682 interstitium

243 2751 335 2820 inter
350 2746 537 2854 Atlantem
554 2759 589 2820 et
612 2746 764 2845 Occiput
784 2749 932 2821 obduxit
953 2758 988 2820 et
1007 2751 1139 2822 clausit.
1200 2753 1297 2823 Haec
1316 2773 1426 2822 masaa
1448 2763 1542 2822 orote
1563 2753 1735 2826 medullae
1753 2752 1874 2825 oblon-

244 2898 346 2984 gatae
361 2891 515 2984 posticae
530 2892 622 2984 parti
638 2891 814 2978 adhaesit,
840 2891 888 2960 ita
902 2900 1034 2977 umen,
1059 2901 1097 2962 ιι
1115 2892 1159 2962 ob
1175 2915 1215 2964 ea
1232 2894 1384 2984 separari
1403 2902 1528 2986 posset.
1585 2894 1717 2964 umber
1738 2890 1875 2963 Acue-

244 3031 366 3100 sorr'os
385 3053 505 3100 revera
523 3030 688 3102 dissuetus
705 3031 812 3100 fuisse
833 3030 935 3100 etiam
956 3039 1036 3100 tnnc
1057 3030 1309 3100 accuratissimo
1329 3031 1497 3122 cognovi,
1531 3054 1650 3114 verum
1672 3033 1709 3100 iu
1728 3041 1875 3120 utroque

244 3169 351 3242 latere
370 3169 454 3240 lines
471 3169 659 3274 superioris
683 3177 719 3238 et
741 3167 916 3238 inferioris
934 3168 1042 3260 partis
1064 3169 1159 3238 nervi
1187 3169 1365 3263 ganglioaa
1390 3168 1537 3258 quadam
1563 3179 1596 3236 et
1615 3169 1741 3238 librom
1766 3189 1876 3238 massa

245 3316 281 3375 et
300 3307 388 3376 inter
403 3327 441 3376 ae
457 3317 586 3377 etcum
600 3308 742 3400 posticis
759 3305 864 3398 primi
880 3305 1100 3384 cervicalium
1114 3307 1208 3398 paris
1225 3305 1591 3400 radicibnancoqjuncti
1608 3317 1713 3378 eraut
1763 3305 1874 3376 Simul

244 3446 422 3540 apparuit,
446 3468 566 3518 nervos
584 3448 629 3516 ab
647 3469 689 3516 eo
703 3445 786 3516 inde
802 3445 900 3532 loco,
924 3444 986 3513 ubi
1003 3467 1062 3514 eor
1084 3445 1341 3534 dienerinnen,
1365 3469 1473 3536 usque
1492 3433 1538 3516 ad
1554 3447 1706 3517 foramen
1721 3447 1875 3518 lacerum

231 3579 323 3678 fere
338 3599 421 3656 octo
439 3579 586 3654 radices
600 3579 750 3654 illaesas
766 3605 790 3654 o
808 3577 964 3652 medulla
980 3577 1182 3680 oblongum
1196 3586 1383 3679 occipere,
1399 3586 1447 3655 ite
1460 3595 1498 3654 ut
1511 3609 1576 3655 non
1587 3585 1735 3678 ampbm
1748 3586 1874 3656 mirum

244 3722 437 3810 rideretur,
466 3743 529 3792 cur
546 3741 610 3792 occ
627 3743 693 3790 vox
715 3720 915 3805 interiisset,
947 3741 1010 3806 nee
1033 3723 1198 3791 motiones
1220 3724 1449 3792 musculorum
1474 3718 1876 3793 Steruocleidomastci·

174 3887 183 3898 ·
244 3855 395 3928 deorum
415 3868 450 3928 at
474 3855 715 3930 Crrmrllurr‘ron
740 3864 936 3928 cessassem.
995 3854 1207 3930 sustuleram
1233 3861 1414 3947 videlicet,
1449 3861 1654 3932 dissectione
1678 3863 1713 3930 io
1733 3863 1876 3955 regione

248 4003 454 4094 poeticarum
470 4002 573 4092 primi
590 4000 813 4070 cervicalium
831 3997 986 4067 radicum
1004 3999 1097 4088 paris
1115 3999 1284 4084 instituto,
1316 4021 1383 4066 nou
1408 4008 1526 4068 totam
1537 4000 1607 4067 viru
1633 3999 1770 4070 illorum
1794 4025 1874 4070 ner·

245 4161 386 4226 vorum,
410 4137 474 4208 aed
494 4137 645 4226 aliquam
663 4135 900 4207 tantummodo
920 4135 1085 4224 illamque
1102 4136 1269 4204 minorem
1288 4144 1431 4227 portem.

343 4276 448 4347 Haud
461 4277 507 4344 ita
524 4276 631 4345 multo
649 4286 729 4368 post
740 4275 786 4344 ad
802 4275 896 4345 idem
912 4274 1181 4366 experimentum
1196 4295 1314 4342 canem
1328 4275 1522 4364 aquaticum
1536 4275 1693 4345 adultum
1710 4276 1875 4358 adbibui3

246 4372 514 4508 experimentum
538 4425 651 4484 tanuen
679 4416 728 4484 ita
741 4401 902 4501 ιἱιιιὶιιὶ,
938 4423 975 4482 ιι
1000 4413 1144 4484 volsella
1168 4422 1302 4500 uterer,
1335 4414 1604 4503 inferioremque
1624 4426 1756 4506 partem
1779 4415 1873 4484 nervi

246 4555 476 4642 Accesaorir‘,
500 4556 561 4646 qni
579 4565 631 4624 est
651 4555 684 4624 in
702 4555 841 4624 doistro
863 4554 987 4638 latere,
1012 4561 1117 4624 totam
1138 4579 1158 4624 e
1176 4555 1328 4648 medulla
1343 4557 1467 4648 spinuli
1491 4557 1691 4642 evellerem,
1715 4556 1873 4626 dextrum

246 4714 387 4762 nervum
412 4691 647 4780 tantummodo
672 4692 915 4784 dirumperenr.
977 4688 1187 4784 Operatione
1209 4693 1322 4781 locta,
1349 4695 1443 4764 canis
1467 4693 1591 4764 eodem
1619 4695 1693 4766 lere
1712 4695 1817 4763 modo
1837 4715 1874 4763 ee

247 4833 374 4924 garait,
391 4839 494 4920 atque
510 4835 570 4902 ille
585 4836 630 4904 de
648 4857 719 4924 qao
734 4833 837 4925 paulo
852 4853 956 4924 supra
973 4831 1066 4914 diri3
1090 4853 1210 4902 verum
1230 4831 1324 4902 nullo
1341 4831 1446 4902 modo
1463 4853 1530 4904 vox
1546 4844 1604 4902 ιιι
1619 4853 1720 4902 sonus
1733 4833 1875 4922 quidam

248 4974 279 5041 ei
291 4971 375 5066 elici
392 4973 512 5064 potuit.
560 4973 598 5042 Si
615 4996 714 5044 aures
731 4973 806 5066 ejus
820 4972 1078 5058 vellicarentur,
1097 4980 1156 5041 aut
1169 4993 1232 5064 pes
1246 4971 1283 5041 io
1300 4971 1412 5043 cauda
1428 4971 1503 5064 ejus
1519 4981 1722 5062 poneretur,
1739 4973 1875 5064 aperuit

246 5112 387 5203 quidem
403 5133 442 5180 cs
461 5114 771 5200 unquam-molare
789 5116 911 5199 vellet,
947 5136 1010 5183 nec
1026 5125 1137 5180 tamen
1165 5111 1271 5178 ullum
1290 5133 1408 5179 sonum
1431 5109 1552 5176 emisit.
1614 5109 1770 5178 Tandem
1794 5121 1873 5202 post

246 5251 399 5341 quinque
424 5261 482 5318 aut
504 5271 564 5318 rex
588 5249 842 5337 hebdomades,
875 5271 953 5320 com
981 5251 1103 5318 iterum
1129 5247 1314 5336 aliquunde
1339 5267 1415 5316 eum
1443 5245 1661 5319 veliementer
1684 5249 1870 5331 irritarem,
