<?xml version="1.0" encoding="UTF-8"?>
<!DOCTYPE html PUBLIC "-//W3C//DTD XHTML 1.0 Transitional//EN"
    "http://www.w3.org/TR/xhtml1/DTD/xhtml1-transitional.dtd">
<html xmlns="http://www.w3.org/1999/xhtml" xml:lang="en" lang="en">
 <head>
  <title>
</title>
<meta http-equiv="Content-Type" content="text/html;charset=utf-8" />
  <meta name='ocr-system' content='tesseract 3.04.00' />
  <meta name='ocr-capabilities' content='ocr_page ocr_carea ocr_par ocr_line ocrx_word'/>
</head>
<body>
  <div class='ocr_page' id='page_1' title='image "./nerviaccessorii00biscgoog_0090.png"; bbox 0 0 4678 6170; ppageno 0'>
   <div class='ocr_carea' id='block_1_1' title="bbox 1852 567 2038 659">
    <p class='ocr_par' dir='ltr' id='par_1_1' title="bbox 1852 567 2038 659">
     <span class='ocr_line' id='line_1_1' title="bbox 1852 567 2038 659; baseline -0.011 -13"><span class='ocrx_word' id='word_1_1' title='bbox 1852 567 2038 659; x_wconf 75' lang='lat'><strong>81,</strong></span> 
     </span>
    </p>
   </div>
   <div class='ocr_carea' id='block_1_2' title="bbox 265 759 1910 1974">
    <p class='ocr_par' dir='ltr' id='par_1_2' title="bbox 267 759 1910 1416">
     <span class='ocr_line' id='line_1_2' title="bbox 272 759 1910 861; baseline 0.002 -21"><span class='ocrx_word' id='word_1_2' title='bbox 272 785 453 840; x_wconf 73' lang='lat' dir='ltr'><strong>aemorum</strong></span> <span class='ocrx_word' id='word_1_3' title='bbox 476 765 720 853; x_wconf 82' lang='lat' dir='ltr'><strong>maturiorum,</strong></span> <span class='ocrx_word' id='word_1_4' title='bbox 751 762 836 836; x_wconf 84' lang='lat' dir='ltr'><strong>licet</strong></span> <span class='ocrx_word' id='word_1_5' title='bbox 855 787 878 834; x_wconf 90' lang='lat' dir='ltr'><strong>a</strong></span> <span class='ocrx_word' id='word_1_6' title='bbox 895 761 1040 858; x_wconf 82' lang='lat' dir='ltr'><strong>possets</strong></span> <span class='ocrx_word' id='word_1_7' title='bbox 1057 762 1169 860; x_wconf 68' lang='lat' dir='ltr'><strong>virgis</strong></span> <span class='ocrx_word' id='word_1_8' title='bbox 1187 763 1326 844; x_wconf 83' lang='lat' dir='ltr'><strong>oriundi</strong></span> <span class='ocrx_word' id='word_1_9' title='bbox 1349 759 1551 855; x_wconf 84' lang='lat' dir='ltr'><strong>rideantur,</strong></span> <span class='ocrx_word' id='word_1_10' title='bbox 1586 775 1720 858; x_wconf 69' lang='lat' dir='ltr'><strong>umen,</strong></span> <span class='ocrx_word' id='word_1_11' title='bbox 1755 771 1910 861; x_wconf 77' lang='lat' dir='ltr'><strong>quamtis</strong></span> 
     </span>
     <span class='ocr_line' id='line_1_3' title="bbox 267 893 1908 998; baseline 0.002 -21"><span class='ocrx_word' id='word_1_12' title='bbox 267 893 418 998; x_wconf 80' lang='lat' dir='ltr'><strong>&#39;anplius</strong></span> <span class='ocrx_word' id='word_1_13' title='bbox 441 905 551 976; x_wconf 86' lang='lat' dir='ltr'><strong>oculis</strong></span> <span class='ocrx_word' id='word_1_14' title='bbox 570 904 695 974; x_wconf 77' lang='lat' dir='ltr'><strong>nosub</strong></span> <span class='ocrx_word' id='word_1_15' title='bbox 719 901 872 996; x_wconf 76' lang='lat' dir='ltr'><strong>conspici</strong></span> <span class='ocrx_word' id='word_1_16' title='bbox 899 911 958 973; x_wconf 87' lang='lat' dir='ltr'><strong>aut</strong></span> <span class='ocrx_word' id='word_1_17' title='bbox 981 901 1138 974; x_wconf 87' lang='lat' dir='ltr'><strong>manibus</strong></span> <span class='ocrx_word' id='word_1_18' title='bbox 1160 903 1305 994; x_wconf 89' lang='lat' dir='ltr'><strong>nostris,</strong></span> <span class='ocrx_word' id='word_1_19' title='bbox 1343 907 1455 976; x_wconf 90' lang='lat' dir='ltr'><strong>onltro</strong></span> <span class='ocrx_word' id='word_1_20' title='bbox 1488 905 1646 995; x_wconf 88' lang='lat' dir='ltr'><strong>armatis,</strong></span> <span class='ocrx_word' id='word_1_21' title='bbox 1684 907 1817 979; x_wconf 75' lang='lat' dir='ltr'><strong>secerni</strong></span> <span class='ocrx_word' id='word_1_22' title='bbox 1848 931 1908 980; x_wconf 89' lang='lat' dir='ltr'><strong>ne·</strong></span> 
     </span>
     <span class='ocr_line' id='line_1_4' title="bbox 270 1009 1905 1142; baseline 0.002 -28"><span class='ocrx_word' id='word_1_23' title='bbox 270 1053 412 1134; x_wconf 86' lang='lat' dir='ltr'><strong>queant,</strong></span> <span class='ocrx_word' id='word_1_24' title='bbox 428 1069 457 1115; x_wconf 88' lang='lat' dir='ltr'><strong>e</strong></span> <span class='ocrx_word' id='word_1_25' title='bbox 475 1045 544 1114; x_wconf 85' lang='lat' dir='ltr'><strong>tilis</strong></span> <span class='ocrx_word' id='word_1_26' title='bbox 563 1044 749 1122; x_wconf 76' lang='lat' dir='ltr'><strong>sodomum</strong></span> <span class='ocrx_word' id='word_1_27' title='bbox 766 1009 943 1136; x_wconf 75' lang='lat' dir='ltr'><strong>virgarum</strong></span> <span class='ocrx_word' id='word_1_28' title='bbox 959 1041 1134 1142; x_wconf 73' lang='lat' dir='ltr'><strong>originem</strong></span> <span class='ocrx_word' id='word_1_29' title='bbox 1153 1041 1301 1126; x_wconf 68' lang='lat' dir='ltr'><strong>ducem</strong></span> <span class='ocrx_word' id='word_1_30' title='bbox 1334 1051 1370 1112; x_wconf 90' lang='lat' dir='ltr'><strong>et</strong></span> <span class='ocrx_word' id='word_1_31' title='bbox 1390 1067 1410 1113; x_wconf 88' lang='lat' dir='ltr'><strong>c</strong></span> <span class='ocrx_word' id='word_1_32' title='bbox 1433 1043 1605 1115; x_wconf 89' lang='lat' dir='ltr'><strong>contrario</strong></span> <span class='ocrx_word' id='word_1_33' title='bbox 1625 1043 1761 1115; x_wconf 78' lang='lat' dir='ltr'><strong>radices</strong></span> <span class='ocrx_word' id='word_1_34' title='bbox 1781 1067 1905 1138; x_wconf 70' lang='lat' dir='ltr'><strong>nerso-</strong></span> 
     </span>
     <span class='ocr_line' id='line_1_5' title="bbox 269 1177 1906 1279; baseline -0.001 -25"><span class='ocrx_word' id='word_1_35' title='bbox 269 1203 367 1269; x_wconf 55' lang='lat' dir='ltr'><strong>rum„</strong></span> <span class='ocrx_word' id='word_1_36' title='bbox 398 1182 459 1270; x_wconf 87' lang='lat' dir='ltr'><strong>qui</strong></span> <span class='ocrx_word' id='word_1_37' title='bbox 480 1189 611 1251; x_wconf 85' lang='lat' dir='ltr'><strong>ceteras</strong></span> <span class='ocrx_word' id='word_1_38' title='bbox 630 1181 780 1252; x_wconf 83' lang='lat' dir='ltr'><strong>babeant</strong></span> <span class='ocrx_word' id='word_1_39' title='bbox 800 1187 896 1248; x_wconf 85' lang='lat' dir='ltr'><strong>notua</strong></span> <span class='ocrx_word' id='word_1_40' title='bbox 916 1177 1170 1270; x_wconf 84' lang='lat' dir='ltr'><strong>sensilinorum,</strong></span> <span class='ocrx_word' id='word_1_41' title='bbox 1205 1181 1269 1252; x_wconf 85' lang='lat' dir='ltr'><strong>etsi</strong></span> <span class='ocrx_word' id='word_1_42' title='bbox 1292 1182 1337 1252; x_wconf 87' lang='lat' dir='ltr'><strong>alr</strong></span> <span class='ocrx_word' id='word_1_43' title='bbox 1365 1182 1476 1252; x_wconf 84' lang='lat' dir='ltr'><strong>antica</strong></span> <span class='ocrx_word' id='word_1_44' title='bbox 1502 1191 1601 1275; x_wconf 90' lang='lat' dir='ltr'><strong>parte</strong></span> <span class='ocrx_word' id='word_1_45' title='bbox 1626 1183 1807 1254; x_wconf 82' lang='lat' dir='ltr'><strong>videantur</strong></span> <span class='ocrx_word' id='word_1_46' title='bbox 1828 1185 1906 1279; x_wconf 77' lang='lat' dir='ltr'><strong>agi,</strong></span> 
     </span>
     <span class='ocr_line' id='line_1_6' title="bbox 269 1321 1208 1416; baseline -0.005 -22"><span class='ocrx_word' id='word_1_47' title='bbox 269 1333 383 1394; x_wconf 81' lang='lat' dir='ltr'><strong>umen</strong></span> <span class='ocrx_word' id='word_1_48' title='bbox 401 1347 423 1392; x_wconf 91' lang='lat' dir='ltr'><strong>a</strong></span> <span class='ocrx_word' id='word_1_49' title='bbox 442 1324 650 1416; x_wconf 83' lang='lat' dir='ltr'><strong>poeticarum</strong></span> <span class='ocrx_word' id='word_1_50' title='bbox 668 1323 844 1416; x_wconf 76' lang='lat' dir='ltr'><strong>virgarum</strong></span> <span class='ocrx_word' id='word_1_51' title='bbox 862 1321 931 1392; x_wconf 81' lang='lat' dir='ltr'><strong>lilia</strong></span> <span class='ocrx_word' id='word_1_52' title='bbox 948 1321 1141 1413; x_wconf 82' lang='lat' dir='ltr'><strong>provenire.</strong></span> <span class='ocrx_word' id='word_1_53' title='bbox 1206 1329 1208 1335; x_wconf 84' lang='lat'>&#39;</span> 
     </span>
    </p>

    <p class='ocr_par' dir='ltr' id='par_1_3' title="bbox 265 1459 1905 1974">
     <span class='ocr_line' id='line_1_7' title="bbox 366 1459 1905 1556; baseline 0.001 -23"><span class='ocrx_word' id='word_1_54' title='bbox 366 1464 495 1554; x_wconf 83' lang='lat' dir='ltr'><strong>ltaque·</strong></span> <span class='ocrx_word' id='word_1_55' title='bbox 513 1465 673 1556; x_wconf 89' lang='lat' dir='ltr'><strong>quoniam</strong></span> <span class='ocrx_word' id='word_1_56' title='bbox 695 1459 911 1554; x_wconf 87' lang='lat' dir='ltr'><strong>conjectura,</strong></span> <span class='ocrx_word' id='word_1_57' title='bbox 946 1483 1034 1552; x_wconf 86' lang='lat' dir='ltr'><strong>quae</strong></span> <span class='ocrx_word' id='word_1_58' title='bbox 1056 1483 1099 1530; x_wconf 80' lang='lat' dir='ltr'><strong>ex</strong></span> <span class='ocrx_word' id='word_1_59' title='bbox 1118 1461 1197 1532; x_wconf 88' lang='lat' dir='ltr'><strong>loco</strong></span> <span class='ocrx_word' id='word_1_60' title='bbox 1219 1459 1364 1554; x_wconf 74' lang='lat' dir='ltr'><strong>originis</strong></span> <span class='ocrx_word' id='word_1_61' title='bbox 1386 1461 1433 1532; x_wconf 89' lang='lat' dir='ltr'><strong>de</strong></span> <span class='ocrx_word' id='word_1_62' title='bbox 1455 1461 1492 1532; x_wconf 83' lang='lat' dir='ltr'><strong>vi</strong></span> <span class='ocrx_word' id='word_1_63' title='bbox 1513 1481 1554 1532; x_wconf 92' lang='lat' dir='ltr'><strong>ac</strong></span> <span class='ocrx_word' id='word_1_64' title='bbox 1577 1473 1696 1534; x_wconf 87' lang='lat' dir='ltr'><strong>natura</strong></span> <span class='ocrx_word' id='word_1_65' title='bbox 1723 1481 1905 1534; x_wconf 78' lang='lat' dir='ltr'><strong>nervorum</strong></span> 
     </span>
     <span class='ocr_line' id='line_1_8' title="bbox 267 1571 1905 1695; baseline 0.001 -25"><span class='ocrx_word' id='word_1_66' title='bbox 267 1601 449 1695; x_wconf 79' lang='lat' dir='ltr'><strong>spinolium</strong></span> <span class='ocrx_word' id='word_1_67' title='bbox 473 1601 564 1671; x_wconf 83' lang='lat' dir='ltr'><strong>lacta</strong></span> <span class='ocrx_word' id='word_1_68' title='bbox 587 1609 657 1686; x_wconf 88' lang='lat' dir='ltr'><strong>est,</strong></span> <span class='ocrx_word' id='word_1_69' title='bbox 694 1571 810 1671; x_wconf 76' lang='lat' dir='ltr'><strong>utrum</strong></span> <span class='ocrx_word' id='word_1_70' title='bbox 826 1600 961 1670; x_wconf 88' lang='lat' dir='ltr'><strong>scilicet</strong></span> <span class='ocrx_word' id='word_1_71' title='bbox 983 1599 1121 1668; x_wconf 87' lang='lat' dir='ltr'><strong>motorii</strong></span> <span class='ocrx_word' id='word_1_72' title='bbox 1144 1621 1186 1670; x_wconf 93' lang='lat' dir='ltr'><strong>an</strong></span> <span class='ocrx_word' id='word_1_73' title='bbox 1209 1599 1359 1670; x_wconf 86' lang='lat' dir='ltr'><strong>sensifici</strong></span> <span class='ocrx_word' id='word_1_74' title='bbox 1381 1609 1510 1685; x_wconf 85' lang='lat' dir='ltr'><strong>essent,</strong></span> <span class='ocrx_word' id='word_1_75' title='bbox 1545 1600 1772 1672; x_wconf 83' lang='lat' dir='ltr'><strong>incertissima</strong></span> <span class='ocrx_word' id='word_1_76' title='bbox 1801 1611 1905 1692; x_wconf 89' lang='lat' dir='ltr'><strong>atque</strong></span> 
     </span>
     <span class='ocr_line' id='line_1_9' title="bbox 267 1737 1903 1832; baseline 0 -22"><span class='ocrx_word' id='word_1_77' title='bbox 267 1739 551 1832; x_wconf 84' lang='lat' dir='ltr'><strong>suspiciosissima</strong></span> <span class='ocrx_word' id='word_1_78' title='bbox 571 1738 659 1806; x_wconf 91' lang='lat' dir='ltr'><strong>mibi</strong></span> <span class='ocrx_word' id='word_1_79' title='bbox 680 1737 882 1819; x_wconf 81' lang='lat' dir='ltr'><strong>videbatnr3</strong></span> <span class='ocrx_word' id='word_1_80' title='bbox 914 1737 1083 1829; x_wconf 88' lang='lat' dir='ltr'><strong>aperienti</strong></span> <span class='ocrx_word' id='word_1_81' title='bbox 1102 1739 1190 1808; x_wconf 91' lang='lat' dir='ltr'><strong>mihi</strong></span> <span class='ocrx_word' id='word_1_82' title='bbox 1209 1739 1359 1829; x_wconf 89' lang='lat' dir='ltr'><strong>quidde</strong></span> <span class='ocrx_word' id='word_1_83' title='bbox 1377 1759 1560 1810; x_wconf 78' lang='lat' dir='ltr'><strong>nemorum</strong></span> <span class='ocrx_word' id='word_1_84' title='bbox 1577 1737 1777 1811; x_wconf 79' lang='lat' dir='ltr'><strong>charactere</strong></span> <span class='ocrx_word' id='word_1_85' title='bbox 1798 1741 1903 1812; x_wconf 88' lang='lat' dir='ltr'><strong>senti·</strong></span> 
     </span>
     <span class='ocr_line' id='line_1_10' title="bbox 265 1875 1901 1974; baseline 0.002 -28"><span class='ocrx_word' id='word_1_86' title='bbox 265 1901 357 1964; x_wconf 90' lang='lat' dir='ltr'><strong>rem,</strong></span> <span class='ocrx_word' id='word_1_87' title='bbox 394 1879 521 1946; x_wconf 93' lang='lat' dir='ltr'><strong>nullam</strong></span> <span class='ocrx_word' id='word_1_88' title='bbox 551 1875 658 1968; x_wconf 86' lang='lat' dir='ltr'><strong>hujus</strong></span> <span class='ocrx_word' id='word_1_89' title='bbox 687 1877 737 1949; x_wconf 87' lang='lat' dir='ltr'><strong>rei</strong></span> <span class='ocrx_word' id='word_1_90' title='bbox 760 1877 926 1948; x_wconf 85' lang='lat' dir='ltr'><strong>rationem</strong></span> <span class='ocrx_word' id='word_1_91' title='bbox 951 1875 1149 1946; x_wconf 88' lang='lat' dir='ltr'><strong>habendam</strong></span> <span class='ocrx_word' id='word_1_92' title='bbox 1176 1877 1377 1946; x_wconf 81' lang='lat' dir='ltr'><strong>existimari.</strong></span> <span class='ocrx_word' id='word_1_93' title='bbox 1452 1879 1622 1964; x_wconf 81' lang='lat' dir='ltr'><strong>Quocirca</strong></span> <span class='ocrx_word' id='word_1_94' title='bbox 1657 1876 1804 1974; x_wconf 80' lang='lat' dir='ltr'><strong>Vagam</strong></span> <span class='ocrx_word' id='word_1_95' title='bbox 1834 1902 1901 1950; x_wconf 92' lang='lat' dir='ltr'><strong>uon</strong></span> 
     </span>
    </p>
   </div>
   <div class='ocr_carea' id='block_1_3' title="bbox 264 2011 1900 2256">
    <p class='ocr_par' dir='ltr' id='par_1_4' title="bbox 264 2011 1900 2256">
     <span class='ocr_line' id='line_1_11' title="bbox 266 2011 1900 2140; baseline -0.009 -51"><span class='ocrx_word' id='word_1_96' title='bbox 266 2018 377 2112; x_wconf 74' lang='lat' dir='ltr'><strong>magis</strong></span> <span class='ocrx_word' id='word_1_97' title='bbox 397 2028 583 2110; x_wconf 87' lang='lat' dir='ltr'><strong>propterea</strong></span> <span class='ocrx_word' id='word_1_98' title='bbox 605 2019 799 2140; x_wconf 69' lang='lat' dir='ltr'><strong>sensibcum</strong></span> <span class='ocrx_word' id='word_1_99' title='bbox 821 2039 963 2088; x_wconf 85' lang='lat' dir='ltr'><strong>narrum</strong></span> <span class='ocrx_word' id='word_1_100' title='bbox 989 2016 1113 2088; x_wconf 85' lang='lat' dir='ltr'><strong>baberi</strong></span> <span class='ocrx_word' id='word_1_101' title='bbox 1140 2017 1239 2103; x_wconf 84' lang='lat' dir='ltr'><strong>volo,</strong></span> <span class='ocrx_word' id='word_1_102' title='bbox 1273 2014 1368 2105; x_wconf 92' lang='lat' dir='ltr'><strong>quod</strong></span> <span class='ocrx_word' id='word_1_103' title='bbox 1387 2039 1407 2086; x_wconf 88' lang='lat' dir='ltr'><strong>e</strong></span> <span class='ocrx_word' id='word_1_104' title='bbox 1426 2011 1570 2108; x_wconf 79' lang='lat' dir='ltr'><strong>postieis</strong></span> <span class='ocrx_word' id='word_1_105' title='bbox 1587 2016 1759 2087; x_wconf 67' lang='lat' dir='ltr'><strong>medullae</strong></span> <span class='ocrx_word' id='word_1_106' title='bbox 1778 2017 1900 2087; x_wconf 70' lang='lat' dir='ltr'><strong>oblon.</strong></span> 
     </span>
     <span class='ocr_line' id='line_1_12' title="bbox 264 2151 1899 2256; baseline -0.001 -28"><span class='ocrx_word' id='word_1_107' title='bbox 264 2168 367 2252; x_wconf 72' lang='lat' dir='ltr'><strong>gatae</strong></span> <span class='ocrx_word' id='word_1_108' title='bbox 387 2157 674 2256; x_wconf 68' lang='lat' dir='ltr'><strong>virgisyideatur</strong></span> <span class='ocrx_word' id='word_1_109' title='bbox 695 2157 798 2243; x_wconf 89' lang='lat' dir='ltr'><strong>oriri,</strong></span> <span class='ocrx_word' id='word_1_110' title='bbox 831 2178 935 2249; x_wconf 88' lang='lat' dir='ltr'><strong>quam</strong></span> <span class='ocrx_word' id='word_1_111' title='bbox 957 2154 1119 2227; x_wconf 76' lang='lat' dir='ltr'><strong>statuenti</strong></span> <span class='ocrx_word' id='word_1_112' title='bbox 1140 2153 1229 2222; x_wconf 92' lang='lat' dir='ltr'><strong>mibi</strong></span> <span class='ocrx_word' id='word_1_113' title='bbox 1249 2151 1507 2252; x_wconf 81' lang='lat' dir='ltr'><strong>Accessorium</strong></span> <span class='ocrx_word' id='word_1_114' title='bbox 1532 2177 1606 2227; x_wconf 88' lang='lat' dir='ltr'><strong>esse</strong></span> <span class='ocrx_word' id='word_1_115' title='bbox 1629 2179 1770 2228; x_wconf 76' lang='lat' dir='ltr'><strong>nemum</strong></span> <span class='ocrx_word' id='word_1_116' title='bbox 1790 2163 1899 2227; x_wconf 90' lang='lat' dir='ltr'><strong>moto-</strong></span> 
     </span>
    </p>
   </div>
   <div class='ocr_carea' id='block_1_4' title="bbox 152 2291 1899 5166">
    <p class='ocr_par' dir='ltr' id='par_1_5' title="bbox 152 2291 1899 4893">
     <span class='ocr_line' id='line_1_13' title="bbox 265 2291 1899 2390; baseline 0 -24"><span class='ocrx_word' id='word_1_117' title='bbox 265 2297 373 2384; x_wconf 89' lang='lat' dir='ltr'><strong>rium,</strong></span> <span class='ocrx_word' id='word_1_118' title='bbox 396 2296 479 2390; x_wconf 84' lang='lat' dir='ltr'><strong>jure</strong></span> <span class='ocrx_word' id='word_1_119' title='bbox 497 2317 620 2366; x_wconf 85' lang='lat' dir='ltr'><strong>censeo</strong></span> <span class='ocrx_word' id='word_1_120' title='bbox 643 2295 733 2364; x_wconf 88' lang='lat' dir='ltr'><strong>illud</strong></span> <span class='ocrx_word' id='word_1_121' title='bbox 759 2317 860 2388; x_wconf 88' lang='lat' dir='ltr'><strong>posse</strong></span> <span class='ocrx_word' id='word_1_122' title='bbox 887 2294 1018 2387; x_wconf 90' lang='lat' dir='ltr'><strong>objici,</strong></span> <span class='ocrx_word' id='word_1_123' title='bbox 1053 2313 1130 2362; x_wconf 90' lang='lat' dir='ltr'><strong>cum</strong></span> <span class='ocrx_word' id='word_1_124' title='bbox 1155 2291 1290 2361; x_wconf 80' lang='lat' dir='ltr'><strong>radices</strong></span> <span class='ocrx_word' id='word_1_125' title='bbox 1320 2312 1398 2363; x_wconf 87' lang='lat' dir='ltr'><strong>suas</strong></span> <span class='ocrx_word' id='word_1_126' title='bbox 1427 2315 1532 2386; x_wconf 72' lang='lat' dir='ltr'><strong>agere</strong></span> <span class='ocrx_word' id='word_1_127' title='bbox 1565 2316 1608 2364; x_wconf 85' lang='lat' dir='ltr'><strong>ex</strong></span> <span class='ocrx_word' id='word_1_128' title='bbox 1635 2295 1759 2366; x_wconf 89' lang='lat' dir='ltr'><strong>iisdem</strong></span> <span class='ocrx_word' id='word_1_129' title='bbox 1782 2295 1899 2390; x_wconf 77' lang='lat' dir='ltr'><strong>,virgis</strong></span> 
     </span>
     <span class='ocr_line' id='line_1_14' title="bbox 262 2429 1897 2528; baseline -0.001 -23"><span class='ocrx_word' id='word_1_130' title='bbox 262 2435 423 2528; x_wconf 85' lang='lat' dir='ltr'><strong>posticis;</strong></span> <span class='ocrx_word' id='word_1_131' title='bbox 447 2435 510 2504; x_wconf 91' lang='lat' dir='ltr'><strong>sed</strong></span> <span class='ocrx_word' id='word_1_132' title='bbox 530 2433 693 2522; x_wconf 84' lang='lat' dir='ltr'><strong>equidem</strong></span> <span class='ocrx_word' id='word_1_133' title='bbox 709 2433 794 2500; x_wconf 89' lang='lat' dir='ltr'><strong>alias</strong></span> <span class='ocrx_word' id='word_1_134' title='bbox 815 2432 1046 2522; x_wconf 84' lang='lat' dir='ltr'><strong>circumspexi</strong></span> <span class='ocrx_word' id='word_1_135' title='bbox 1064 2429 1235 2518; x_wconf 88' lang='lat' dir='ltr'><strong>rationes,</strong></span> <span class='ocrx_word' id='word_1_136' title='bbox 1259 2431 1306 2499; x_wconf 91' lang='lat' dir='ltr'><strong>ad</strong></span> <span class='ocrx_word' id='word_1_137' title='bbox 1328 2453 1413 2519; x_wconf 85' lang='lat' dir='ltr'><strong>quas</strong></span> <span class='ocrx_word' id='word_1_138' title='bbox 1431 2453 1541 2500; x_wconf 89' lang='lat' dir='ltr'><strong>meam</strong></span> <span class='ocrx_word' id='word_1_139' title='bbox 1565 2432 1610 2501; x_wconf 92' lang='lat' dir='ltr'><strong>de</strong></span> <span class='ocrx_word' id='word_1_140' title='bbox 1631 2431 1756 2502; x_wconf 91' lang='lat' dir='ltr'><strong>borum</strong></span> <span class='ocrx_word' id='word_1_141' title='bbox 1777 2457 1897 2504; x_wconf 75' lang='lat' dir='ltr'><strong>nemo·</strong></span> 
     </span>
     <span class='ocr_line' id='line_1_15' title="bbox 262 2565 1897 2662; baseline 0 -22"><span class='ocrx_word' id='word_1_142' title='bbox 262 2595 338 2642; x_wconf 90' lang='lat' dir='ltr'><strong>rum</strong></span> <span class='ocrx_word' id='word_1_143' title='bbox 366 2580 485 2641; x_wconf 88' lang='lat' dir='ltr'><strong>natura</strong></span> <span class='ocrx_word' id='word_1_144' title='bbox 512 2570 715 2640; x_wconf 87' lang='lat' dir='ltr'><strong>sententiam</strong></span> <span class='ocrx_word' id='word_1_145' title='bbox 741 2569 941 2662; x_wconf 77' lang='lat' dir='ltr'><strong>dirigerem.</strong></span> <span class='ocrx_word' id='word_1_146' title='bbox 1002 2567 1107 2654; x_wconf 83' lang='lat' dir='ltr'><strong>Quod</strong></span> <span class='ocrx_word' id='word_1_147' title='bbox 1139 2590 1221 2636; x_wconf 84' lang='lat' dir='ltr'><strong>vero</strong></span> <span class='ocrx_word' id='word_1_148' title='bbox 1252 2568 1298 2638; x_wconf 89' lang='lat' dir='ltr'><strong>de</strong></span> <span class='ocrx_word' id='word_1_149' title='bbox 1331 2565 1554 2640; x_wconf 79' lang='lat' dir='ltr'><strong>Accerserio</strong></span> <span class='ocrx_word' id='word_1_150' title='bbox 1584 2571 1782 2642; x_wconf 90' lang='lat' dir='ltr'><strong>nominatim</strong></span> <span class='ocrx_word' id='word_1_151' title='bbox 1809 2571 1897 2641; x_wconf 88' lang='lat' dir='ltr'><strong>milri</strong></span> 
     </span>
     <span class='ocr_line' id='line_1_16' title="bbox 261 2707 1896 2804; baseline 0.002 -26"><span class='ocrx_word' id='word_1_152' title='bbox 261 2711 371 2804; x_wconf 90' lang='lat' dir='ltr'><strong>possit</strong></span> <span class='ocrx_word' id='word_1_153' title='bbox 389 2710 516 2802; x_wconf 83' lang='lat' dir='ltr'><strong>objici,</strong></span> <span class='ocrx_word' id='word_1_154' title='bbox 541 2732 640 2797; x_wconf 90' lang='lat' dir='ltr'><strong>eum,</strong></span> <span class='ocrx_word' id='word_1_155' title='bbox 664 2707 728 2778; x_wconf 86' lang='lat' dir='ltr'><strong>etsi</strong></span> <span class='ocrx_word' id='word_1_156' title='bbox 747 2710 804 2777; x_wconf 82' lang='lat' dir='ltr'><strong>lex</strong></span> <span class='ocrx_word' id='word_1_157' title='bbox 821 2707 946 2776; x_wconf 90' lang='lat' dir='ltr'><strong>illaad</strong></span> <span class='ocrx_word' id='word_1_158' title='bbox 967 2707 1155 2779; x_wconf 83' lang='lat' dir='ltr'><strong>medullam</strong></span> <span class='ocrx_word' id='word_1_159' title='bbox 1171 2710 1392 2804; x_wconf 80' lang='lat' dir='ltr'><strong>oblongatam</strong></span> <span class='ocrx_word' id='word_1_160' title='bbox 1418 2733 1483 2780; x_wconf 94' lang='lat' dir='ltr'><strong>non</strong></span> <span class='ocrx_word' id='word_1_161' title='bbox 1501 2713 1692 2804; x_wconf 86' lang='lat' dir='ltr'><strong>pertineat,</strong></span> <span class='ocrx_word' id='word_1_162' title='bbox 1717 2713 1896 2783; x_wconf 76' lang='lat' dir='ltr'><strong>manifesto</strong></span> 
     </span>
     <span class='ocr_line' id='line_1_17' title="bbox 262 2847 1896 2944; baseline 0.002 -25"><span class='ocrx_word' id='word_1_163' title='bbox 262 2860 429 2920; x_wconf 82' lang='lat' dir='ltr'><strong>extremas</strong></span> <span class='ocrx_word' id='word_1_164' title='bbox 446 2867 524 2920; x_wconf 84' lang='lat' dir='ltr'><strong>snas</strong></span> <span class='ocrx_word' id='word_1_165' title='bbox 536 2849 672 2920; x_wconf 84' lang='lat' dir='ltr'><strong>radices</strong></span> <span class='ocrx_word' id='word_1_166' title='bbox 688 2872 710 2917; x_wconf 92' lang='lat' dir='ltr'><strong>a</strong></span> <span class='ocrx_word' id='word_1_167' title='bbox 728 2855 825 2918; x_wconf 83' lang='lat' dir='ltr'><strong>sexto</strong></span> <span class='ocrx_word' id='word_1_168' title='bbox 843 2855 903 2917; x_wconf 92' lang='lat' dir='ltr'><strong>ant</strong></span> <span class='ocrx_word' id='word_1_169' title='bbox 921 2847 1068 2940; x_wconf 87' lang='lat' dir='ltr'><strong>septimo</strong></span> <span class='ocrx_word' id='word_1_170' title='bbox 1088 2871 1269 2918; x_wconf 79' lang='lat' dir='ltr'><strong>nervorum</strong></span> <span class='ocrx_word' id='word_1_171' title='bbox 1291 2850 1512 2920; x_wconf 84' lang='lat' dir='ltr'><strong>cervicalium</strong></span> <span class='ocrx_word' id='word_1_172' title='bbox 1532 2854 1609 2942; x_wconf 92' lang='lat' dir='ltr'><strong>pari</strong></span> <span class='ocrx_word' id='word_1_173' title='bbox 1634 2877 1653 2920; x_wconf 91' lang='lat' dir='ltr'><strong>e</strong></span> <span class='ocrx_word' id='word_1_174' title='bbox 1676 2852 1785 2944; x_wconf 84' lang='lat' dir='ltr'><strong>virgis</strong></span> <span class='ocrx_word' id='word_1_175' title='bbox 1814 2873 1896 2922; x_wconf 92' lang='lat' dir='ltr'><strong>non·</strong></span> 
     </span>
     <span class='ocr_line' id='line_1_18' title="bbox 262 2955 1894 3080; baseline 0.001 -21"><span class='ocrx_word' id='word_1_176' title='bbox 262 2989 345 3059; x_wconf 89' lang='lat' dir='ltr'><strong>dum</strong></span> <span class='ocrx_word' id='word_1_177' title='bbox 360 2989 475 3073; x_wconf 75' lang='lat' dir='ltr'><strong>mixtis</strong></span> <span class='ocrx_word' id='word_1_178' title='bbox 496 2987 668 3058; x_wconf 82' lang='lat' dir='ltr'><strong>medullae</strong></span> <span class='ocrx_word' id='word_1_179' title='bbox 682 2955 826 3080; x_wconf 80' lang='lat' dir='ltr'><strong>spinalis</strong></span> <span class='ocrx_word' id='word_1_180' title='bbox 841 3008 969 3080; x_wconf 68' lang='grc' dir='ltr'><strong>ομπος</strong></span> <span class='ocrx_word' id='word_1_181' title='bbox 1001 2984 1040 3052; x_wconf 95' lang='lat' dir='ltr'><strong>id</strong></span> <span class='ocrx_word' id='word_1_182' title='bbox 1063 2985 1175 3077; x_wconf 85' lang='lat' dir='ltr'><strong>ipsum</strong></span> <span class='ocrx_word' id='word_1_183' title='bbox 1194 2987 1384 3056; x_wconf 87' lang='lat' dir='ltr'><strong>infirmatur</strong></span> <span class='ocrx_word' id='word_1_184' title='bbox 1400 2989 1551 3080; x_wconf 88' lang='lat' dir='ltr'><strong>primunr</strong></span> <span class='ocrx_word' id='word_1_185' title='bbox 1569 2990 1664 3078; x_wconf 92' lang='lat' dir='ltr'><strong>qnod</strong></span> <span class='ocrx_word' id='word_1_186' title='bbox 1681 2997 1798 3062; x_wconf 86' lang='lat' dir='ltr'><strong>tennes</strong></span> <span class='ocrx_word' id='word_1_187' title='bbox 1815 2991 1894 3061; x_wconf 86' lang='lat' dir='ltr'><strong>illae</strong></span> 
     </span>
     <span class='ocr_line' id='line_1_19' title="bbox 262 3125 1894 3232; baseline -0.001 -31"><span class='ocrx_word' id='word_1_188' title='bbox 262 3139 432 3201; x_wconf 86' lang='lat' dir='ltr'><strong>extremae</strong></span> <span class='ocrx_word' id='word_1_189' title='bbox 444 3130 599 3216; x_wconf 89' lang='lat' dir='ltr'><strong>radices,</strong></span> <span class='ocrx_word' id='word_1_190' title='bbox 631 3149 716 3220; x_wconf 88' lang='lat' dir='ltr'><strong>quas</strong></span> <span class='ocrx_word' id='word_1_191' title='bbox 732 3127 778 3197; x_wconf 91' lang='lat' dir='ltr'><strong>ab</strong></span> <span class='ocrx_word' id='word_1_192' title='bbox 796 3129 869 3220; x_wconf 90' lang='lat' dir='ltr'><strong>ipsa</strong></span> <span class='ocrx_word' id='word_1_193' title='bbox 887 3125 1041 3208; x_wconf 80' lang='lat' dir='ltr'><strong>medulla</strong></span> <span class='ocrx_word' id='word_1_194' title='bbox 1055 3128 1180 3220; x_wconf 87' lang='lat' dir='ltr'><strong>spinali</strong></span> <span class='ocrx_word' id='word_1_195' title='bbox 1198 3128 1345 3220; x_wconf 87' lang='lat' dir='ltr'><strong>accipit,</strong></span> <span class='ocrx_word' id='word_1_196' title='bbox 1380 3129 1577 3232; x_wconf 71' lang='lat' dir='ltr'><strong>neutiquam</strong></span> <span class='ocrx_word' id='word_1_197' title='bbox 1595 3131 1629 3199; x_wconf 92' lang='lat' dir='ltr'><strong>in</strong></span> <span class='ocrx_word' id='word_1_198' title='bbox 1647 3131 1768 3200; x_wconf 90' lang='lat' dir='ltr'><strong>eadem</strong></span> <span class='ocrx_word' id='word_1_199' title='bbox 1788 3132 1894 3218; x_wconf 87' lang='lat' dir='ltr'><strong>linea,</strong></span> 
     </span>
     <span class='ocr_line' id='line_1_20' title="bbox 262 3267 1894 3364; baseline 0.001 -24"><span class='ocrx_word' id='word_1_200' title='bbox 262 3273 296 3341; x_wconf 88' lang='lat' dir='ltr'><strong>in</strong></span> <span class='ocrx_word' id='word_1_201' title='bbox 319 3293 387 3362; x_wconf 88' lang='lat' dir='ltr'><strong>qua</strong></span> <span class='ocrx_word' id='word_1_202' title='bbox 404 3273 557 3364; x_wconf 88' lang='lat' dir='ltr'><strong>posticae</strong></span> <span class='ocrx_word' id='word_1_203' title='bbox 582 3292 765 3341; x_wconf 86' lang='lat' dir='ltr'><strong>nervomm</strong></span> <span class='ocrx_word' id='word_1_204' title='bbox 781 3271 963 3362; x_wconf 90' lang='lat' dir='ltr'><strong>spinalium</strong></span> <span class='ocrx_word' id='word_1_205' title='bbox 985 3269 1141 3356; x_wconf 85' lang='lat' dir='ltr'><strong>radices,</strong></span> <span class='ocrx_word' id='word_1_206' title='bbox 1174 3267 1238 3337; x_wconf 88' lang='lat' dir='ltr'><strong>ssd</strong></span> <span class='ocrx_word' id='word_1_207' title='bbox 1256 3267 1360 3360; x_wconf 92' lang='lat' dir='ltr'><strong>paulo</strong></span> <span class='ocrx_word' id='word_1_208' title='bbox 1377 3277 1454 3337; x_wconf 92' lang='lat' dir='ltr'><strong>ante</strong></span> <span class='ocrx_word' id='word_1_209' title='bbox 1474 3289 1532 3339; x_wconf 90' lang='lat' dir='ltr'><strong>eas</strong></span> <span class='ocrx_word' id='word_1_210' title='bbox 1553 3267 1729 3353; x_wconf 88' lang='lat' dir='ltr'><strong>oriuntur;</strong></span> <span class='ocrx_word' id='word_1_211' title='bbox 1766 3270 1894 3342; x_wconf 87' lang='lat' dir='ltr'><strong>deinde</strong></span> 
     </span>
     <span class='ocr_line' id='line_1_21' title="bbox 262 3406 1893 3506; baseline -0.003 -20"><span class='ocrx_word' id='word_1_212' title='bbox 262 3413 522 3506; x_wconf 84' lang='lat' dir='ltr'><strong>experimentis,</strong></span> <span class='ocrx_word' id='word_1_213' title='bbox 555 3435 643 3502; x_wconf 83' lang='lat' dir='ltr'><strong>quae</strong></span> <span class='ocrx_word' id='word_1_214' title='bbox 668 3412 773 3505; x_wconf 92' lang='lat' dir='ltr'><strong>paulo</strong></span> <span class='ocrx_word' id='word_1_215' title='bbox 798 3410 888 3478; x_wconf 85' lang='lat' dir='ltr'><strong>infra</strong></span> <span class='ocrx_word' id='word_1_216' title='bbox 912 3411 1107 3480; x_wconf 85' lang='lat' dir='ltr'><strong>describam</strong></span> <span class='ocrx_word' id='word_1_217' title='bbox 1132 3429 1154 3474; x_wconf 91' lang='lat' dir='ltr'><strong>a</strong></span> <span class='ocrx_word' id='word_1_218' title='bbox 1175 3429 1232 3475; x_wconf 88' lang='lat' dir='ltr'><strong>rue</strong></span> <span class='ocrx_word' id='word_1_219' title='bbox 1252 3406 1352 3477; x_wconf 86' lang='lat' dir='ltr'><strong>lactis</strong></span> <span class='ocrx_word' id='word_1_220' title='bbox 1376 3409 1553 3501; x_wconf 88' lang='lat' dir='ltr'><strong>apparuit,</strong></span> <span class='ocrx_word' id='word_1_221' title='bbox 1586 3409 1650 3478; x_wconf 88' lang='lat' dir='ltr'><strong>lras</strong></span> <span class='ocrx_word' id='word_1_222' title='bbox 1672 3409 1807 3480; x_wconf 87' lang='lat' dir='ltr'><strong>radices</strong></span> <span class='ocrx_word' id='word_1_223' title='bbox 1828 3434 1893 3481; x_wconf 93' lang='lat' dir='ltr'><strong>non</strong></span> 
     </span>
     <span class='ocr_line' id='line_1_22' title="bbox 259 3547 1891 3639; baseline -0.002 -17"><span class='ocrx_word' id='word_1_224' title='bbox 259 3555 306 3622; x_wconf 92' lang='lat' dir='ltr'><strong>ita</strong></span> <span class='ocrx_word' id='word_1_225' title='bbox 328 3555 469 3622; x_wconf 90' lang='lat' dir='ltr'><strong>multam</strong></span> <span class='ocrx_word' id='word_1_226' title='bbox 486 3554 556 3622; x_wconf 82' lang='lat' dir='ltr'><strong>vim</strong></span> <span class='ocrx_word' id='word_1_227' title='bbox 576 3551 611 3620; x_wconf 93' lang='lat' dir='ltr'><strong>in</strong></span> <span class='ocrx_word' id='word_1_228' title='bbox 628 3547 884 3621; x_wconf 83' lang='lat' dir='ltr'><strong>Accessorium</strong></span> <span class='ocrx_word' id='word_1_229' title='bbox 902 3548 1052 3639; x_wconf 87' lang='lat' dir='ltr'><strong>babere,</strong></span> <span class='ocrx_word' id='word_1_230' title='bbox 1083 3547 1260 3617; x_wconf 85' lang='lat' dir='ltr'><strong>radicibus</strong></span> <span class='ocrx_word' id='word_1_231' title='bbox 1279 3557 1409 3636; x_wconf 85' lang='lat' dir='ltr'><strong>antem,</strong></span> <span class='ocrx_word' id='word_1_232' title='bbox 1446 3570 1531 3637; x_wconf 89' lang='lat' dir='ltr'><strong>quas</strong></span> <span class='ocrx_word' id='word_1_233' title='bbox 1553 3571 1574 3616; x_wconf 88' lang='lat' dir='ltr'><strong>a</strong></span> <span class='ocrx_word' id='word_1_234' title='bbox 1594 3549 1745 3618; x_wconf 82' lang='lat' dir='ltr'><strong>medulla</strong></span> <span class='ocrx_word' id='word_1_235' title='bbox 1766 3550 1891 3620; x_wconf 89' lang='lat' dir='ltr'><strong>oblon-</strong></span> 
     </span>
     <span class='ocr_line' id='line_1_23' title="bbox 257 3653 1891 3787; baseline -0.001 -26"><span class='ocrx_word' id='word_1_236' title='bbox 257 3701 340 3787; x_wconf 78' lang='lat' dir='ltr'><strong>gata</strong></span> <span class='ocrx_word' id='word_1_237' title='bbox 362 3693 511 3784; x_wconf 85' lang='lat' dir='ltr'><strong>accipit,</strong></span> <span class='ocrx_word' id='word_1_238' title='bbox 544 3691 653 3762; x_wconf 89' lang='lat' dir='ltr'><strong>multo</strong></span> <span class='ocrx_word' id='word_1_239' title='bbox 678 3689 838 3783; x_wconf 85' lang='lat' dir='ltr'><strong>pluribus</strong></span> <span class='ocrx_word' id='word_1_240' title='bbox 864 3697 901 3759; x_wconf 91' lang='lat' dir='ltr'><strong>et</strong></span> <span class='ocrx_word' id='word_1_241' title='bbox 926 3687 1171 3776; x_wconf 84' lang='lat' dir='ltr'><strong>crassioribus,</strong></span> <span class='ocrx_word' id='word_1_242' title='bbox 1213 3686 1289 3778; x_wconf 87' lang='lat' dir='ltr'><strong>ejus</strong></span> <span class='ocrx_word' id='word_1_243' title='bbox 1308 3689 1379 3756; x_wconf 79' lang='lat' dir='ltr'><strong>vim</strong></span> <span class='ocrx_word' id='word_1_244' title='bbox 1406 3697 1442 3756; x_wconf 89' lang='lat' dir='ltr'><strong>et</strong></span> <span class='ocrx_word' id='word_1_245' title='bbox 1461 3653 1613 3757; x_wconf 86' lang='lat' dir='ltr'><strong>naturam</strong></span> <span class='ocrx_word' id='word_1_246' title='bbox 1639 3691 1787 3758; x_wconf 82' lang='lat' dir='ltr'><strong>maxime</strong></span> <span class='ocrx_word' id='word_1_247' title='bbox 1807 3711 1891 3760; x_wconf 88' lang='lat' dir='ltr'><strong>con-</strong></span> 
     </span>
     <span class='ocr_line' id='line_1_24' title="bbox 257 3825 1891 3921; baseline -0.004 -18"><span class='ocrx_word' id='word_1_248' title='bbox 257 3832 361 3903; x_wconf 90' lang='lat' dir='ltr'><strong>stitui.</strong></span> <span class='ocrx_word' id='word_1_249' title='bbox 418 3833 485 3918; x_wconf 89' lang='lat' dir='ltr'><strong>lis,</strong></span> <span class='ocrx_word' id='word_1_250' title='bbox 521 3831 648 3920; x_wconf 88' lang='lat' dir='ltr'><strong>quibus</strong></span> <span class='ocrx_word' id='word_1_251' title='bbox 674 3849 787 3919; x_wconf 83' lang='lat' dir='ltr'><strong>neque</strong></span> <span class='ocrx_word' id='word_1_252' title='bbox 813 3829 901 3898; x_wconf 89' lang='lat' dir='ltr'><strong>baec</strong></span> <span class='ocrx_word' id='word_1_253' title='bbox 925 3837 1146 3921; x_wconf 80' lang='lat' dir='ltr'><strong>argumenta,</strong></span> <span class='ocrx_word' id='word_1_254' title='bbox 1183 3845 1294 3915; x_wconf 88' lang='lat' dir='ltr'><strong>nequo</strong></span> <span class='ocrx_word' id='word_1_255' title='bbox 1323 3825 1412 3894; x_wconf 94' lang='lat' dir='ltr'><strong>illud</strong></span> <span class='ocrx_word' id='word_1_256' title='bbox 1440 3849 1460 3894; x_wconf 89' lang='lat' dir='ltr'><strong>a</strong></span> <span class='ocrx_word' id='word_1_257' title='bbox 1492 3826 1728 3896; x_wconf 87' lang='lat' dir='ltr'><strong>decussatione</strong></span> <span class='ocrx_word' id='word_1_258' title='bbox 1756 3828 1891 3896; x_wconf 87' lang='lat' dir='ltr'><strong>illorum</strong></span> 
     </span>
     <span class='ocr_line' id='line_1_25' title="bbox 256 3963 1889 4060; baseline -0.001 -20"><span class='ocrx_word' id='word_1_259' title='bbox 256 3968 429 4040; x_wconf 81' lang='lat' dir='ltr'><strong>medullae</strong></span> <span class='ocrx_word' id='word_1_260' title='bbox 447 3968 589 4060; x_wconf 88' lang='lat' dir='ltr'><strong>spinalis</strong></span> <span class='ocrx_word' id='word_1_261' title='bbox 607 3968 643 4035; x_wconf 92' lang='lat' dir='ltr'><strong>in</strong></span> <span class='ocrx_word' id='word_1_262' title='bbox 665 3964 819 4035; x_wconf 86' lang='lat' dir='ltr'><strong>medulla</strong></span> <span class='ocrx_word' id='word_1_263' title='bbox 832 3965 1017 4058; x_wconf 73' lang='lat' dir='ltr'><strong>oblongata</strong></span> <span class='ocrx_word' id='word_1_264' title='bbox 1034 3965 1179 4056; x_wconf 87' lang='lat' dir='ltr'><strong>petitum</strong></span> <span class='ocrx_word' id='word_1_265' title='bbox 1201 3963 1391 4048; x_wconf 83' lang='lat' dir='ltr'><strong>sufficiant,</strong></span> <span class='ocrx_word' id='word_1_266' title='bbox 1424 3963 1616 4056; x_wconf 84' lang='lat' dir='ltr'><strong>polliceor,</strong></span> <span class='ocrx_word' id='word_1_267' title='bbox 1639 3967 1669 4035; x_wconf 87' lang='lat' dir='ltr'><strong>si</strong></span> <span class='ocrx_word' id='word_1_268' title='bbox 1686 3966 1773 4035; x_wconf 91' lang='lat' dir='ltr'><strong>mibi</strong></span> <span class='ocrx_word' id='word_1_269' title='bbox 1792 3989 1889 4038; x_wconf 90' lang='lat' dir='ltr'><strong>mon-</strong></span> 
     </span>
     <span class='ocr_line' id='line_1_26' title="bbox 256 4103 1891 4198; baseline -0.005 -16"><span class='ocrx_word' id='word_1_270' title='bbox 256 4109 422 4198; x_wconf 87' lang='lat' dir='ltr'><strong>strarint,</strong></span> <span class='ocrx_word' id='word_1_271' title='bbox 450 4107 740 4198; x_wconf 85' lang='lat' dir='ltr'><strong>quemadmodum</strong></span> <span class='ocrx_word' id='word_1_272' title='bbox 765 4126 889 4176; x_wconf 83' lang='lat' dir='ltr'><strong>nervus</strong></span> <span class='ocrx_word' id='word_1_273' title='bbox 911 4106 1023 4196; x_wconf 90' lang='lat' dir='ltr'><strong>qualis</strong></span> <span class='ocrx_word' id='word_1_274' title='bbox 1045 4103 1304 4186; x_wconf 82' lang='lat' dir='ltr'><strong>Accessoriuo,</strong></span> <span class='ocrx_word' id='word_1_275' title='bbox 1337 4103 1417 4192; x_wconf 87' lang='lat' dir='ltr'><strong>qni,</strong></span> <span class='ocrx_word' id='word_1_276' title='bbox 1449 4123 1528 4172; x_wconf 89' lang='lat' dir='ltr'><strong>cnm</strong></span> <span class='ocrx_word' id='word_1_277' title='bbox 1548 4103 1615 4195; x_wconf 89' lang='lat' dir='ltr'><strong>ipsi</strong></span> <span class='ocrx_word' id='word_1_278' title='bbox 1635 4127 1712 4174; x_wconf 90' lang='lat' dir='ltr'><strong>cnm</strong></span> <span class='ocrx_word' id='word_1_279' title='bbox 1731 4106 1891 4182; x_wconf 77' lang='lat' dir='ltr'><strong>dicante</strong></span> 
     </span>
     <span class='ocr_line' id='line_1_27' title="bbox 256 4241 1889 4340; baseline -0.005 -21"><span class='ocrx_word' id='word_1_280' title='bbox 256 4249 336 4319; x_wconf 91' lang='lat' dir='ltr'><strong>solis</strong></span> <span class='ocrx_word' id='word_1_281' title='bbox 355 4244 603 4340; x_wconf 83' lang='lat' dir='ltr'><strong>posterioribus</strong></span> <span class='ocrx_word' id='word_1_282' title='bbox 630 4245 803 4314; x_wconf 82' lang='lat' dir='ltr'><strong>medullae</strong></span> <span class='ocrx_word' id='word_1_283' title='bbox 818 4244 959 4338; x_wconf 90' lang='lat' dir='ltr'><strong>spinalis</strong></span> <span class='ocrx_word' id='word_1_284' title='bbox 981 4243 1093 4337; x_wconf 79' lang='lat' dir='ltr'><strong>virgis</strong></span> <span class='ocrx_word' id='word_1_285' title='bbox 1114 4242 1296 4311; x_wconf 88' lang='lat' dir='ltr'><strong>oriundum</strong></span> <span class='ocrx_word' id='word_1_286' title='bbox 1327 4261 1420 4328; x_wconf 89' lang='lat' dir='ltr'><strong>esse,</strong></span> <span class='ocrx_word' id='word_1_287' title='bbox 1456 4241 1635 4313; x_wconf 85' lang='lat' dir='ltr'><strong>sensificus</strong></span> <span class='ocrx_word' id='word_1_288' title='bbox 1652 4245 1889 4314; x_wconf 86' lang='lat' dir='ltr'><strong>tantummodo</strong></span> 
     </span>
     <span class='ocr_line' id='line_1_28' title="bbox 257 4353 1888 4475; baseline -0.003 -19"><span class='ocrx_word' id='word_1_289' title='bbox 257 4405 330 4456; x_wconf 87' lang='lat' dir='ltr'><strong>esso</strong></span> <span class='ocrx_word' id='word_1_290' title='bbox 350 4385 495 4472; x_wconf 86' lang='lat' dir='ltr'><strong>debeat,</strong></span> <span class='ocrx_word' id='word_1_291' title='bbox 528 4392 640 4452; x_wconf 90' lang='lat' dir='ltr'><strong>tamen</strong></span> <span class='ocrx_word' id='word_1_292' title='bbox 667 4383 847 4449; x_wconf 87' lang='lat' dir='ltr'><strong>maximam</strong></span> <span class='ocrx_word' id='word_1_293' title='bbox 864 4353 998 4475; x_wconf 80' lang='lat' dir='ltr'><strong>partem</strong></span> <span class='ocrx_word' id='word_1_294' title='bbox 1025 4381 1070 4450; x_wconf 91' lang='lat' dir='ltr'><strong>ad</strong></span> <span class='ocrx_word' id='word_1_295' title='bbox 1090 4379 1261 4448; x_wconf 89' lang='lat' dir='ltr'><strong>musculos</strong></span> <span class='ocrx_word' id='word_1_296' title='bbox 1289 4378 1433 4448; x_wconf 88' lang='lat' dir='ltr'><strong>tendere</strong></span> <span class='ocrx_word' id='word_1_297' title='bbox 1455 4381 1584 4470; x_wconf 89' lang='lat' dir='ltr'><strong>possit,</strong></span> <span class='ocrx_word' id='word_1_298' title='bbox 1621 4401 1691 4467; x_wconf 92' lang='lat' dir='ltr'><strong>quo</strong></span> <span class='ocrx_word' id='word_1_299' title='bbox 1714 4381 1790 4470; x_wconf 90' lang='lat' dir='ltr'><strong>ipso</strong></span> <span class='ocrx_word' id='word_1_300' title='bbox 1811 4401 1888 4450; x_wconf 88' lang='lat' dir='ltr'><strong>sese</strong></span> 
     </span>
     <span class='ocr_line' id='line_1_29' title="bbox 256 4493 1886 4615; baseline -0.001 -23"><span class='ocrx_word' id='word_1_301' title='bbox 256 4527 437 4594; x_wconf 88' lang='lat' dir='ltr'><strong>motorium</strong></span> <span class='ocrx_word' id='word_1_302' title='bbox 452 4547 525 4594; x_wconf 87' lang='lat' dir='ltr'><strong>esse</strong></span> <span class='ocrx_word' id='word_1_303' title='bbox 543 4527 685 4594; x_wconf 71' lang='lat' dir='ltr'><strong>neruum</strong></span> <span class='ocrx_word' id='word_1_304' title='bbox 699 4519 802 4615; x_wconf 87' lang='lat' dir='ltr'><strong>plane</strong></span> <span class='ocrx_word' id='word_1_305' title='bbox 817 4520 993 4603; x_wconf 89' lang='lat' dir='ltr'><strong>ostendat;</strong></span> <span class='ocrx_word' id='word_1_306' title='bbox 1018 4519 1057 4588; x_wconf 92' lang='lat' dir='ltr'><strong>id</strong></span> <span class='ocrx_word' id='word_1_307' title='bbox 1073 4519 1180 4612; x_wconf 85' lang='lat' dir='ltr'><strong>igitur</strong></span> <span class='ocrx_word' id='word_1_308' title='bbox 1196 4517 1226 4586; x_wconf 93' lang='lat' dir='ltr'><strong>si</strong></span> <span class='ocrx_word' id='word_1_309' title='bbox 1242 4517 1329 4585; x_wconf 88' lang='lat' dir='ltr'><strong>mibi</strong></span> <span class='ocrx_word' id='word_1_310' title='bbox 1345 4493 1625 4606; x_wconf 81' lang='lat' dir='ltr'><strong>monstraverint,</strong></span> <span class='ocrx_word' id='word_1_311' title='bbox 1649 4521 1813 4611; x_wconf 90' lang='lat' dir='ltr'><strong>promitto</strong></span> <span class='ocrx_word' id='word_1_312' title='bbox 1831 4543 1886 4590; x_wconf 88' lang='lat' dir='ltr'><strong>mc</strong></span> 
     </span>
     <span class='ocr_line' id='line_1_30' title="bbox 152 4633 1887 4754; baseline -0.002 -24"><span class='ocrx_word' id='word_1_313' title='bbox 152 4633 159 4642; x_wconf 45' lang='grc'><strong>’</strong></span> <span class='ocrx_word' id='word_1_314' title='bbox 256 4683 393 4754; x_wconf 85' lang='lat' dir='ltr'><strong>qnoque</strong></span> <span class='ocrx_word' id='word_1_315' title='bbox 416 4664 682 4754; x_wconf 81' lang='lat' dir='ltr'><strong>explicatumm,</strong></span> <span class='ocrx_word' id='word_1_316' title='bbox 717 4658 1008 4751; x_wconf 89' lang='lat' dir='ltr'><strong>quemadmodum</strong></span> <span class='ocrx_word' id='word_1_317' title='bbox 1034 4677 1155 4728; x_wconf 81' lang='lat' dir='ltr'><strong>nervus</strong></span> <span class='ocrx_word' id='word_1_318' title='bbox 1178 4655 1344 4724; x_wconf 89' lang='lat' dir='ltr'><strong>motorius</strong></span> <span class='ocrx_word' id='word_1_319' title='bbox 1366 4677 1386 4722; x_wconf 91' lang='lat' dir='ltr'><strong>a</strong></span> <span class='ocrx_word' id='word_1_320' title='bbox 1408 4653 1550 4747; x_wconf 87' lang='lat' dir='ltr'><strong>posticis</strong></span> <span class='ocrx_word' id='word_1_321' title='bbox 1574 4657 1791 4726; x_wconf 87' lang='lat' dir='ltr'><strong>sensibilitati</strong></span> <span class='ocrx_word' id='word_1_322' title='bbox 1815 4679 1887 4726; x_wconf 90' lang='lat' dir='ltr'><strong>ser·</strong></span> 
     </span>
     <span class='ocr_line' id='line_1_31' title="bbox 256 4799 905 4893; baseline -0.008 -21"><span class='ocrx_word' id='word_1_323' title='bbox 256 4799 426 4872; x_wconf 74' lang='lat' dir='ltr'><strong>aientibus</strong></span> <span class='ocrx_word' id='word_1_324' title='bbox 443 4799 550 4893; x_wconf 79' lang='lat' dir='ltr'><strong>virgis</strong></span> <span class='ocrx_word' id='word_1_325' title='bbox 571 4801 706 4870; x_wconf 89' lang='lat' dir='ltr'><strong>radices</strong></span> <span class='ocrx_word' id='word_1_326' title='bbox 721 4819 799 4868; x_wconf 90' lang='lat' dir='ltr'><strong>suas</strong></span> <span class='ocrx_word' id='word_1_327' title='bbox 816 4807 905 4893; x_wconf 74' lang='lat' dir='ltr'><strong>apat.</strong></span> 
     </span>
    </p>

    <p class='ocr_par' dir='ltr' id='par_1_6' title="bbox 253 4903 1886 5166">
     <span class='ocr_line' id='line_1_32' title="bbox 352 4903 1886 5033; baseline -0.007 -25"><span class='ocrx_word' id='word_1_328' title='bbox 352 4939 423 5009; x_wconf 86' lang='lat' dir='ltr'><strong>Hic</strong></span> <span class='ocrx_word' id='word_1_329' title='bbox 440 4925 509 5008; x_wconf 70' lang='lat' dir='ltr'><strong>loc&#39;i</strong></span> <span class='ocrx_word' id='word_1_330' title='bbox 526 4961 598 5010; x_wconf 88' lang='lat' dir='ltr'><strong>esse</strong></span> <span class='ocrx_word' id='word_1_331' title='bbox 613 4941 770 5029; x_wconf 84' lang='lat' dir='ltr'><strong>videtur,</strong></span> <span class='ocrx_word' id='word_1_332' title='bbox 794 4961 905 5033; x_wconf 90' lang='lat' dir='ltr'><strong>pauca</strong></span> <span class='ocrx_word' id='word_1_333' title='bbox 921 4938 967 5009; x_wconf 89' lang='lat' dir='ltr'><strong>de</strong></span> <span class='ocrx_word' id='word_1_334' title='bbox 981 4959 1019 5008; x_wconf 89' lang='lat' dir='ltr'><strong>ro</strong></span> <span class='ocrx_word' id='word_1_335' title='bbox 1035 4933 1186 5031; x_wconf 87' lang='lat' dir='ltr'><strong>quadam</strong></span> <span class='ocrx_word' id='word_1_336' title='bbox 1210 4933 1400 5023; x_wconf 87' lang='lat' dir='ltr'><strong>disserere,</strong></span> <span class='ocrx_word' id='word_1_337' title='bbox 1425 4903 1525 5022; x_wconf 83' lang='lat' dir='ltr'><strong>quam</strong></span> <span class='ocrx_word' id='word_1_338' title='bbox 1542 4933 1728 5002; x_wconf 81' lang='lat' dir='ltr'><strong>adversarii</strong></span> <span class='ocrx_word' id='word_1_339' title='bbox 1746 4934 1815 5004; x_wconf 89' lang='lat' dir='ltr'><strong>mei</strong></span> <span class='ocrx_word' id='word_1_340' title='bbox 1832 4935 1886 5004; x_wconf 79' lang='lat' dir='ltr'><strong>af.</strong></span> 
     </span>
     <span class='ocr_line' id='line_1_33' title="bbox 253 5067 1883 5166; baseline -0.007 -12"><span class='ocrx_word' id='word_1_341' title='bbox 253 5083 382 5154; x_wconf 77' lang='lat' dir='ltr'><strong>ferrent</strong></span> <span class='ocrx_word' id='word_1_342' title='bbox 400 5079 544 5151; x_wconf 79' lang='lat' dir='ltr'><strong>fortasse</strong></span> <span class='ocrx_word' id='word_1_343' title='bbox 559 5078 604 5148; x_wconf 85' lang='lat' dir='ltr'><strong>ad</strong></span> <span class='ocrx_word' id='word_1_344' title='bbox 614 5097 724 5148; x_wconf 89' lang='lat' dir='ltr'><strong>meam</strong></span> <span class='ocrx_word' id='word_1_345' title='bbox 738 5079 784 5149; x_wconf 90' lang='lat' dir='ltr'><strong>de</strong></span> <span class='ocrx_word' id='word_1_346' title='bbox 799 5101 906 5150; x_wconf 89' lang='lat' dir='ltr'><strong>nervo</strong></span> <span class='ocrx_word' id='word_1_347' title='bbox 915 5077 1134 5151; x_wconf 78' lang='lat' dir='ltr'><strong>Accessorio</strong></span> <span class='ocrx_word' id='word_1_348' title='bbox 1151 5074 1352 5146; x_wconf 87' lang='lat' dir='ltr'><strong>sententiam</strong></span> <span class='ocrx_word' id='word_1_349' title='bbox 1366 5067 1645 5166; x_wconf 76' lang='lat' dir='ltr'><strong>depugnandum.</strong></span> <span class='ocrx_word' id='word_1_350' title='bbox 1694 5071 1805 5166; x_wconf 85' lang='lat' dir='ltr'><strong>Supra</strong></span> <span class='ocrx_word' id='word_1_351' title='bbox 1833 5069 1883 5166; x_wconf 76' lang='lat'><strong>²⁰)</strong></span> 
     </span>
    </p>
   </div>
   <div class='ocr_carea' id='block_1_5' title="bbox 253 5237 482 5258">
    <p class='ocr_par' dir='ltr' id='par_1_7' title="bbox 253 5237 482 5258">
     <span class='ocr_line' id='line_1_34' title="bbox 253 5237 482 5258; baseline -0.017 0"><span class='ocrx_word' id='word_1_352' title='bbox 253 5237 482 5258; x_wconf 45' lang='grc' dir='ltr'><strong><em>μ</em></strong></span> 
     </span>
    </p>
   </div>
   <div class='ocr_carea' id='block_1_6' title="bbox 285 5315 1488 5414">
    <p class='ocr_par' dir='ltr' id='par_1_8' title="bbox 285 5315 1488 5414">
     <span class='ocr_line' id='line_1_35' title="bbox 285 5315 1488 5414; baseline -0.002 -39"><span class='ocrx_word' id='word_1_353' title='bbox 285 5315 475 5388; x_wconf 59' lang='lat' dir='ltr'><strong>milbu-</strong></span> <span class='ocrx_word' id='word_1_354' title='bbox 963 5317 966 5325; x_wconf 69' lang='lat'>‘</span> <span class='ocrx_word' id='word_1_355' title='bbox 1440 5341 1488 5414; x_wconf 78' lang='lat' dir='ltr'><strong>u</strong></span> 
     </span>
    </p>
   </div>
   <div class='ocr_carea' id='block_1_7' title="bbox 0 0 2344 6170">
    <p class='ocr_par' dir='ltr' id='par_1_9' title="bbox 0 0 2344 6170">
     <span class='ocr_line' id='line_1_36' title="bbox 0 0 2344 6170; baseline 0 3"><span class='ocrx_word' id='word_1_356' title='bbox 0 0 2344 6170; x_wconf 95' lang='lat' dir='ltr'><strong> </strong></span> 
     </span>
    </p>
   </div>
  </div>
 </body>
</html>
