4678 6170
1847 609 1900 680 „w

271 804 341 888 ibi,
373 803 433 872 ubi
455 802 618 872 dissecari
635 804 763 888 solent,
797 763 885 871 ratio
903 801 1088 887 habeatur,
1124 801 1319 888 neutiquam
1336 810 1450 872 mmen
1466 805 1683 896 simplicem,
1715 805 1778 876 sed
1798 826 1892 876 com-

271 943 420 1034 positum
438 963 511 1014 esse
533 965 694 1030 nervum,
722 943 898 1031 quoniam,
931 951 970 1011 nt
990 963 1094 1034 sopra
1112 941 1280 1029 vidimus,
1312 943 1511 1014 interiorem
1528 943 1741 1016 Accessorii
1763 969 1894 1015 ramum

271 1105 409 1173 prorsus
426 1084 463 1152 in
476 1105 514 1170 sa
534 1085 673 1174 recepit
720 1084 840 1171 ltaque
854 1084 888 1184 si¹
902 1082 946 1151 de
966 1079 1077 1176 Vago
1092 1089 1251 1168 tanquam
1268 1081 1329 1150 tali
1345 1091 1440 1149 recte
1459 1091 1607 1152 statuere
1620 1083 1785 1169 velimus,
1809 1103 1889 1152 con-

271 1222 492 1292 siderandum
505 1223 602 1290 nobis
614 1225 841 1313 estprimum,
867 1223 978 1310 qualis
997 1223 1071 1312 ipse
1088 1218 1218 1314 Vagus
1233 1223 1268 1289 ri
1283 1232 1317 1290 et
1329 1222 1785 1294 communioneAcccssorii
1802 1223 1893 1293 libor

271 1381 311 1427 ac
327 1361 457 1430 solutus
473 1369 654 1451 apparant3
688 1360 815 1427 deinde
832 1381 920 1448 quae
939 1361 983 1428 sit
1002 1368 1119 1428 natura
1130 1357 1345 1432 -Aecessorii
1352 1385 1366 1442 ‚-
1400 1370 1472 1427 turn
1490 1361 1627 1434 domum
1645 1362 1893 1452 intelligemus,

273 1522 359 1587 quae
380 1497 482 1595 Vagi
497 1501 655 1596 mutatio,
670 1501 845 1569 ‘societate
860 1523 962 1588 quam
978 1501 1043 1566 init
1059 1518 1137 1568 cum
1152 1493 1388 1583 Accessorio,
1411 1471 1589 1570 efficiatur.

371 1639 484 1710 Etiam
499 1642 534 1711 in
548 1641 615 1710 hac
632 1664 669 1710 ro
686 1641 852 1710 anatomia
870 1641 940 1708 dux
957 1641 1054 1708 nobis
1072 1637 1201 1728 optima
1220 1639 1305 1724 erit,
1330 1659 1418 1725 quac
1434 1647 1512 1706 ante
1530 1639 1643 1707 omnia
1662 1638 1894 1729 experimenta

273 1781 362 1846 viam
382 1778 479 1847 nobis
497 1781 605 1847 munit
623 1779 669 1846 ad
685 1788 811 1847 certam
828 1777 976 1866 aliquam
1002 1780 1047 1846 dc
1066 1777 1101 1846 vi
1124 1788 1225 1865 atquo
1246 1788 1365 1844 natura
1388 1780 1563 1867 utriusque
1581 1781 1675 1847 nervi
1697 1779 1894 1870 opinionem
1924 1857 1932 1866 ι

273 1917 540 2004 concipiendam
561 1955 611 1994 ,-
637 1916 737 1986 Hanc
754 1916 878 1986 ducem
898 1917 928 1983 si
945 1937 1143 2004 sequamur,
1169 1938 1210 1982 eo
1229 1916 1459 2002 adducemur,
1487 1926 1524 1984 ut
1538 1916 1769 2007 intelligemus
1789 1925 1894 2002 totam

273 2061 423 2121 naturam
454 2050 555 2148 Vagi
586 2054 782 2123 anatomicis
809 2054 883 2145 ejus
910 2054 1099 2123 rationibus
1125 2056 1228 2122 talem
1257 2055 1453 2148 designari,
1503 2065 1539 2124 ut
1568 2077 1689 2124 nervus
1720 2057 1895 2126 sensificus

272 2193 451 2262 habendos
469 2195 522 2262 sit
580 2195 633 2262 Ac
652 2195 803 2283 primum
820 2194 961 2283 quidem
980 2195 1136 2263 videmus
1152 2195 1236 2261 oriri
1256 2217 1334 2264 eum
1354 2196 1467 2265 multis
1488 2197 1597 2285 iisque
1618 2197 1822 2292 tenuissimis
1839 2221 1895 2266 ra·

275 2333 428 2419 dicibus,
455 2335 534 2402 dein
555 2333 618 2403 has
635 2311 772 2404 radices
787 2335 947 2404 continuo
967 2335 1012 2402 ad
1032 2336 1215 2428 ganglion,
1241 2337 1391 2428 gangiiis
1407 2338 1744 2407 intervertabralibns
1762 2339 1895 2426 similli-

274 2493 386 2556 mum,
411 2471 522 2557 coire,
548 2493 590 2538 ex
610 2493 678 2560 quo
700 2493 766 2539 non
786 2472 931 2562 amplius
948 2473 1088 2560 quidem
1108 2475 1242 2565 singula
1260 2477 1316 2544 iiia
1340 2476 1532 2566 prodeunt,
1564 2477 1625 2546 sed
1642 2488 1753 2547 tarum
1773 2493 1895 2548 neruus

274 2609 395 2676 retinet
411 2609 586 2700 propriam
606 2629 700 2678 suam
717 2617 937 2695 structuram,
962 2633 1004 2678 ex
1022 2611 1179 2699 pluribus
1195 2619 1397 2685 anastomosi
1414 2617 1502 2684 inter
1517 2617 1695 2710 sejunctis
1713 2620 1894 2690 connexis-

273 2772 340 2837 qua
367 2750 476 2840 virgis
500 2726 740 2838 compositam';
778 2771 879 2837 quam
901 2750 946 2817 ob
974 2772 1048 2820 rem
1073 2755 1216 2825 aarum·
1246 2727 1297 2846 ¹⁸)
1331 2781 1470 2828 nervum
1495 2759 1580 2827 dicit
1603 2761 1715 2828 videri
1743 2784 1785 2829 ex
1816 2761 1897 2830 solis

274 2893 453 2960 coarctatis
478 2891 629 2983 gangliis
655 2899 816 2960 constare.
876 2892 1076 2961 lotumescit
1101 2895 1188 2962 adeo
1212 2917 1328 2965 rursus
1359 2897 1393 2963 in
1423 2897 1571 2972 decursu
1596 2917 1657 2964 suo
1691 2897 1730 2964 in
1755 2898 1895 2966 modum

275 3033 426 3124 ganglii,
459 3031 567 3100 habet
583 3033 733 3101 colorem
753 3033 862 3124 magis
879 3033 1038 3118 rubrum,
1073 3035 1239 3124 denique,
1275 3058 1340 3104 una
1356 3048 1455 3127 parte
1476 3033 1710 3107 Recurrentis
1737 3047 1897 3128 excepta,

274 3169 310 3236 in
337 3169 567 3240 membranam
595 3192 766 3241 mucosum
791 3155 1002 3263 organorum
1028 3173 1261 3263 respirationis
1293 3183 1326 3244 ot
1351 3176 1531 3246 ventriculi
1559 3177 1670 3244 varios
1689 3197 1767 3244 suos
1787 3196 1898 3244 ramos

275 3307 423 3376 dimittit

372 3446 627 3564 Aoomsorium
653 3457 765 3517 autem
787 3449 815 3516 ai
834 3449 909 3540 pari
935 3449 1037 3516 modo
1064 3449 1338 3536 consideramus,
1374 3452 1555 3538 incidimus
1578 3452 1741 3520 videlicet
1769 3455 1804 3520 in
1826 3453 1897 3522 dii·

273 3590 439 3686 iicultates
461 3590 645 3677 quasdam;
670 3610 731 3657 nec
753 3612 834 3657 vero
851 3591 1018 3658 anatomia
1038 3599 1072 3658 et
1091 3591 1322 3681 experimenta
1343 3577 1547 3692 potestatem
1567 3593 1664 3660 nobis
1683 3615 1749 3661 oon
1770 3593 1898 3662 facient

273 3728 521 3816 perspiciendi,
541 3727 635 3796 hunc
656 3749 795 3795 nervum
814 3729 996 3796 motorium
1019 3749 1100 3797 esse.
1132 3728 1253 3798 Oritur
1272 3731 1411 3818 quidem
1433 3719 1597 3822 sing'ulari
1614 3733 1717 3800 modo
1733 3733 1898 3822 plurimas

102 3873 108 3888 ’
205 3939 209 3946 ,
274 3865 408 3934 radices
437 3867 621 3935 amedulla
646 3868 769 3958 spinaii
798 3876 830 3934 et
855 3868 1040 3957 oblongata
1069 3890 1193 3959 agens,
1230 3890 1297 3955 qua
1325 3890 1361 3936 re
1384 3889 1525 3958 prorsus
1546 3869 1686 3956 quidem
1712 3867 1829 3937 differt
1854 3871 1897 3937 ab

274 4005 430 4073 omnibus
459 4007 571 4073 nervis
596 4007 700 4074 motui
731 4006 978 4086 servientibus3
1024 4006 1085 4074 sed
1113 4003 1177 4074 noir
1200 4011 1309 4075 minus
1335 4007 1378 4074 ab
1405 4008 1560 4076 omnibus
1587 4010 1699 4078 nervis
1724 4011 1897 4080 scnsiflcis.

273 4143 376 4229 Quod
393 4166 475 4212 vcro
499 4143 619 4211 attinet
645 4144 690 4213 ad
707 4145 782 4236 ojus
802 4153 1025 4228 structuram,
1048 4143 1181 4234 primae
1200 4155 1252 4212 est
1271 4147 1396 4215 classis.
1458 4145 1545 4238 Fqius
1568 4148 1721 4234 radices,
1754 4171 1897 4237 quarum

274 4286 361 4355 aliae
386 4287 463 4354 aliis
491 4285 591 4353 altius
620 4257 960 4380 emeduliaspinaii
985 4287 1157 4369 oriuntur,
1191 4284 1351 4353 continuo
1372 4305 1446 4354 sese
1467 4282 1621 4377 jungunt
1651 4271 1728 4355 cum
1756 4297 1895 4374 trunco,

274 4448 420 4513 quocum
443 4448 521 4497 mox
541 4425 741 4494 coalescunt.
796 4427 906 4494 Totus
928 4435 1040 4495 autem
1064 4443 1187 4493 nervus
1211 4431 1414 4491 structuram
1445 4423 1593 4492 ostendit
1617 4425 1778 4510 eandem,
1809 4447 1897 4512 quae

276 4575 328 4634 est
346 4589 525 4636 nervorum
543 4567 762 4636 motoriorum
777 4566 936 4657 propria,
961 4567 1140 4634 rotundam
1160 4561 1430 4629 videlicetiliam
1449 4571 1483 4629 et
1500 4560 1725 4650 aequabiliter
1740 4583 1895 4634 crassam.

275 4702 378 4772 Nulla
396 4725 535 4794 usquam
551 4707 585 4774 in
602 4729 642 4776 eo
658 4705 802 4798 vestigia
818 4705 960 4774 tumoris
979 4705 1208 4788 inveniuntur,
1244 4704 1328 4791 quid
1358 4699 1403 4770 V
1395 4705 1460 4799 agi
1483 4704 1667 4796 ganglion,
1692 4705 1753 4774 ubi
1768 4725 1898 4772 somma

260 4831 381 4944 'hujus
406 4845 454 4924 rei
483 4829 718 4936 opportunitas
747 4858 819 4934 cst,
850 4845 1031 4938 praeterit,
1061 4863 1124 4913 nec
1148 4844 1252 4912 ullam
1281 4864 1359 4911 cum
1382 4865 1423 4910 eo
1446 4844 1641 4912 societatem
1665 4843 1755 4922 coit3
1788 4841 1898 4934 major

278 4985 427 5074 denique
451 4983 525 5074 ejus
547 5009 626 5075 pars
656 4973 766 5058 ramos
795 4988 918 5058 emittit
944 4988 988 5057 sd
1013 4990 1105 5059 solos
1129 4985 1317 5068 musculos3
1353 4996 1549 5079 praeterea,
1582 5005 1650 5074 quo
1677 4983 1753 5076 ipso
1781 4997 1896 5056 natura

285 5236 292 5250 ·
311 5239 359 5304 ιι)
376 5239 459 5293 aare·
477 5231 565 5303 trois
582 5237 636 5296 ot.
653 5237 712 5290 vu.
727 5253 753 5304 p.
769 5233 829 5290 roa.
