4646 6168
1840 623 1890 698 il

261 823 505 926 Pltcryngous
529 826 625 896 nervi
658 821 761 922 Vagi
787 823 988 916 appelletur.
1044 819 1123 890 lloc
1141 820 1266 907 modo,
1299 821 1350 888 nti
1363 819 1439 912 jem
1457 819 1599 892 Sonnnn
1619 821 1748 913 diique
1769 831 1887 896 mon.

261 968 343 1038 miei
359 975 454 1038 recte
468 966 799 1052 animadverterunt,
820 963 1041 1056 perspicuum
1056 960 1097 1028 lit
1115 955 1375 1070 Rharyngaop
1393 979 1467 1030 esse
1483 981 1626 1030 nervum
1643 961 1887 1052 compositum,

262 1127 340 1176 oum
362 1107 488 1199 purtim
507 1101 719 1178 Accerserii
737 1101 862 1206 purtim
884 1098 985 1196 Vagi
1011 1098 1081 1170 tilis
1105 1109 1246 1182 constet
1303 1099 1362 1168 Ad
1386 1101 1603 1170 formandum
1626 1101 1720 1172 lrunc
1744 1125 1887 1174 neroum

264 1265 367 1336 stepo
390 1239 631 1314 Accessorius
663 1239 849 1332 plurimum
876 1238 979 1326 lucit,
1018 1245 1057 1307 ut
1083 1239 1161 1308 lere
1185 1247 1275 1308 totus
1301 1261 1343 1308 ex
1366 1237 1472 1330 hqjus
1494 1240 1590 1308 nerri
1609 1239 1677 1308 filis
1703 1241 1888 1311 comietere

264 1381 441 1464 videntum
464 1390 567 1472 etque
584 1375 691 1462 icto
707 1380 831 1450 esseio
848 1378 998 1450 omnium
1017 1377 1247 1446 memmelium
1266 1375 1469 1468 corporibus
1493 1386 1683 1446 constanter
1702 1377 1888 1448 observavi.

264 1519 431 1628 letamen
452 1516 669 1614 Pdaryrrgei
690 1527 831 1588 monens
854 1537 921 1588 non
944 1523 1036 1586 totus
1062 1516 1276 1608 impenditur
1298 1515 1345 1586 od
1369 1515 1590 1588 efficiendum
1616 1516 1708 1586 hunc
1729 1539 1889 1605 nervum,

264 1658 328 1730 red
345 1679 387 1728 eo
402 1657 479 1751 ipso
495 1659 593 1742 loco,
620 1655 681 1726 ubi
695 1679 718 1726 e
733 1667 857 1726 trunco
878 1652 981 1751 Vogi
1007 1653 1178 1741 discedit,
1202 1675 1277 1724 sese
1292 1655 1329 1724 in
1345 1655 1433 1723 dnos
1447 1675 1559 1722 remos
1577 1653 1722 1740 dividit,
1747 1675 1891 1742 quorum

265 1795 407 1866 interior
431 1796 646 1892 crassiorque
674 1795 787 1886 ipsum
817 1790 1079 1888 Pharyngeum
1101 1788 1199 1881 (86)
1229 1791 1358 1876 efficit,
1388 1791 1501 1860 minor
1527 1801 1639 1862 nutem
1664 1789 1757 1882 (ὅῖ)
1789 1789 1836 1861 V
1828 1795 1893 1888 agi

271 1943 394 2004 trunco
426 1934 609 2020 adhaeret,
645 1934 750 2025 poulo
769 1932 910 2002 inferius
940 1955 1023 2003 vero
1048 1953 1128 2000 cum
1154 1933 1338 2024 posteriori
1364 1935 1464 2027 virge
1486 1933 1657 2002 interioris
1682 1930 1893 2004 Aceersorti

268 2071 353 2140 remi
375 2070 469 2162 (dd)
489 2073 523 2140 in
542 2045 687 2142 orossius¹
705 2069 802 2140 iilum
820 2071 891 2140 coit
908 2068 1024 2161 (38),
1056 2071 1151 2158 quod
1170 2081 1308 2164 praeter
1326 2072 1474 2142 exterius
1498 2069 1600 2167 Vogi
1618 2073 1705 2142 letus
1731 2073 1891 2142 decurrit·

268 2210 476 2298 Plerumque
492 2217 527 2280 et
538 2207 612 2278 lere
628 2207 722 2300 epod
737 2209 848 2278 omnio
866 2209 1059 2276 mammetis
1076 2208 1146 2278 lroc
1163 2211 1260 2280 nervi
1279 2209 1377 2279 lilum
1395 2229 1474 2278 cum
1489 2217 1615 2278 moneo
1637 2205 1740 2304 Vagi
1756 2209 1894 2300 perdtus

268 2347 513 2442 conjungitur,
543 2347 591 2417 ito
611 2357 648 2416 nt
667 2347 815 2437 emplius
833 2348 982 2418 discerni
1004 2345 1048 2415 eb
1070 2367 1112 2415 eo
1132 2368 1201 2418 non
1219 2347 1336 2439 possit
1390 2345 1522 2444 Vagus
1537 2349 1612 2440 ipse
1631 2348 1700 2426 lroc
1720 2348 1798 2417 loco
1816 2349 1894 2438 plo·

268 2505 413 2576 rumque
430 2487 639 2576 eliquentnm
658 2494 786 2571 tumet,
812 2486 873 2574 qui
893 2495 1005 2554 tumor
1020 2483 1136 2552 ndlrnc
1162 2508 1182 2551 n
1201 2486 1378 2574 plerique
1401 2485 1567 2578 genglion
1593 2485 1687 2554 nervi
1708 2481 1810 2578 Vagi
1830 2507 1893 2574 ep-

268 2623 425 2714 pelletur.
486 2622 565 2692 Hoc
589 2622 667 2692 loco
691 2621 855 2692 videlicet
881 2623 977 2692 nervi
1002 2619 1104 2718 Vagi
1129 2623 1187 2692 fita
1212 2624 1389 2716 paululum
1417 2647 1437 2692 e
1460 2624 1668 2694 seinvicem
1693 2603 1895 2711 discedunt,

270 2760 471 2830 dividuntur
486 2759 521 2830 in
535 2760 611 2847 nto,
636 2782 724 2851 quse
738 2762 832 2852 ipsu,
858 2781 928 2849 quo
943 2759 1078 2852 saepius
1097 2760 1296 2830 dividuntur
1305 2811 1317 2845 ,
1343 2783 1384 2830 eo
1399 2761 1487 2831 liunt
1500 2761 1673 2848 muniere,
1702 2772 1736 2830 et
1754 2761 1843 2830 inter
1859 2782 1895 2832 se

271 2906 305 2966 et
320 2919 399 2970 com
413 2900 522 2968 atton
538 2907 639 2990 perte
662 2897 808 2968 dimidia
830 2896 1010 2991 interioris,
1022 2898 1108 2966 remi
1126 2895 1339 2970 Accessorii
1358 2899 1550 2990 multiplice
1570 2897 1674 2969 modo
1692 2899 1896 2990 plectuntur.

269 3034 381 3105 Simul
402 3035 532 3135 Vagus
549 3059 674 3125 unum,
705 3057 808 3130 saepe
826 3037 928 3106 etiem
954 3037 1072 3129 plures
1090 3061 1201 3110 remos
1226 3065 1246 3110 e
1267 3041 1413 3133 ganglio
1432 3041 1595 3111 cervicali
1611 3062 1771 3130 supremo
1792 3031 1897 3133 Sym-

265 3174 409 3272 pathici
430 3177 577 3270 occipit,
615 3177 677 3268 qui
703 3177 770 3269 ipsi
800 3197 879 3246 cum
906 3173 952 3246 V
944 3177 1009 3272 agi
1036 3177 1104 3248 titis
1130 3177 1301 3272 hocloco
1333 3179 1540 3269 plectuntur.
1609 3177 1760 3246 Rubellu
1784 3186 1897 3245 nutem

270 3315 408 3386 cinereo
422 3317 563 3386 materia
582 3319 670 3388 inter
686 3317 778 3388 hunc
795 3317 1066 3408 complexionem
1085 3315 1222 3384 filorum
1246 3312 1348 3412 Vagi
1357 3365 1367 3400 ,
1394 3311 1604 3385 Accessorii
1620 3323 1654 3382 et
1671 3307 1898 3408 Sympatdici

270 3454 399 3546 posite,
432 3475 555 3524 nervus
577 3451 707 3549 Vagus
724 3454 889 3524 hocloco
907 3457 1052 3525 crassior
1070 3452 1248 3539 redditur,
1281 3449 1388 3541 idque
1405 3453 1571 3546 genglion
1591 3451 1686 3520 nervi
1711 3448 1755 3520 V
1747 3453 1813 3548 a'gi
1835 3474 1899 3542 np—

270 3594 436 3685 pelletum
454 3601 514 3664 est.
562 3595 673 3662 Recte
690 3593 890 3678 Announus,
916 3593 982 3660 Vir
996 3594 1056 3678 cl,
1081 3591 1209 3684 idjam
1229 3593 1432 3664 uWuursro
1449 3604 1485 3662 et
1501 3594 1704 3663 Vmusemro
1721 3593 1900 3686 cognitum

271 3731 399 3820 luisse,
422 3743 546 3804 monet
594 3733 780 3802 waterus
804 3725 859 3822 ⁵²)
884 3729 973 3820 „hic
989 3727 1079 3817 loci,
1101 3735 1232 3824 inquit,
1256 3729 1321 3804 ubi
1334 3736 1437 3804 nervi
1456 3730 1706 3804 Intercostolis
1722 3754 1786 3802 seu
1801 3747 1900 3800 trun·

272 3890 335 3942 cus
360 3874 434 3942 sire
457 3895 582 3943 ramus
603 3875 712 3967 poris
741 3870 779 3942 V
778 3874 842 3968 agi
866 3869 1012 3943 cundici
1032 3853 1277 3957 incenderim,
1309 3867 1442 3963 plexus
1466 3872 1622 3963 insignis
1651 3869 1901 3952 constituitur,-

273 4006 408 4080 scilicet
423 4012 524 4080 nervi
538 4025 704 4098 vunan,
729 4007 864 4082 ibidem
880 4007 1140 4108 maJ'orfactus
1153 4011 1192 4078 in
1207 4023 1382 4094 utmorem
1396 4005 1580 4109 quendam
1595 4011 1745 4104 corpori
1764 4005 1900 4080 calloso

272 4167 336 4219 seu
348 4144 502 4244 genglio
520 4143 691 4234 simikm,
705 4143 847 4222 ,attolli
862 4160 973 4246 utque
989 4167 1201 4220 excrmcere
1220 4145 1369 4220 videtur.
1427 4147 1521 4236 Hic,
1551 4171 1631 4220 arm
1647 4146 1823 4246 oblongus
1838 4151 1902 4236 sit,

274 4312 300 4359 a
323 4287 516 4358 FAeuorro
541 4305 673 4382 corpus
699 4285 838 4359 olivaro
862 4284 1015 4375 dicimr,
1049 4283 1229 4386 ejusmodi
1252 4283 1362 4359 modo
1384 4290 1529 4358 uniwm
1555 4285 1665 4359 modo
1692 4284 1781 4358 bina
1806 4284 1902 4358 idem

275 4440 385 4498 autor
405 4429 491 4496 duic
508 4446 620 4496 nervo
639 4421 768 4498 adesse
783 4429 1006 4520 pronunciat
1015 4455 1029 4512 ,-
1063 4449 1141 4500 cum
1163 4451 1291 4516 revere
1315 4431 1354 4499 in
1367 4431 1475 4523 paris·
1495 4425 1598 4525 Vagi
1621 4443 1750 4528 trunco
1775 4449 1902 4514 mrum,

169 4638 172 4646 ,
278 4561 430 4636 alterum
456 4580 576 4638 autem
598 4567 638 4633 in
664 4567 781 4634 vicino
805 4562 1032 4636 intercostoli
1059 4579 1269 4638 comtunter
1302 4561 1544 4666 reperietur),
1600 4565 1741 4635 Sesnnn
1767 4587 1903 4656 quoque

278 4704 371 4774 lrune
384 4715 552 4776 tumorem
571 4715 730 4776 accurate
751 4714 786 4774 ot
803 4705 965 4774 distincte
982 4703 1184 4796 descripsit,
1220 4713 1255 4770 et
1266 4702 1350 4795 jure
1368 4705 1432 4790 eit,
1465 4711 1609 4794 propter
1628 4704 1794 4773 alternent
1814 4701 1903 4772 lusnc

277 4841 441 4912 filtrorum
462 4846 573 4914 octeri
596 4844 639 4936 (i
655 4866 684 4912 e
704 4843 855 4933 decimi)
874 4845 967 4937 puris
989 4865 1067 4914 cum
1091 4841 1161 4910 illis
1184 4837 1397 4926 Acoessorii
1418 4799 1704 4926 communionem,
1728 4849 1904 4930 procerte

281 4980 353 5050 dici
369 5001 491 5072 pooee,
522 5005 692 5072 quemque
713 4979 758 5051 V
751 4985 815 5080 agi
842 5005 974 5052 remum
1000 4984 1091 5053 infru
1111 4981 1204 5053 lrnnc
1224 4983 1356 5069 locum,
1391 5005 1434 5054 ex
1466 4981 1568 5077 Vaga·
1594 4981 1747 5074 propriis
1773 4990 1808 5051 et
1835 4981 1905 5050 illis

278 5185 507 5209 -ιὴ-

312 5285 718 5356 mummuleno.
773 5273 780 5288 '
