4678 6170
1843 628 1895 714 di

257 859 361 936 posse
380 837 565 933 erphord,
591 837 657 909 nisi
677 837 828 926 ratione,
851 859 941 928 quae
958 831 1215 909 Aonessorinm
1229 829 1318 903 inter
1336 837 1370 904 et
1393 829 1542 928 Vagam
1565 835 1672 920 esset,
1695 837 1899 924 perspecta,

260 975 455 1048 aoattoime
472 973 750 1067 physiologieam
769 969 986 1044 Accerserit·
1005 973 1216 1042 functionem
1245 972 1421 1063 exposuit,
1458 993 1526 1062 qua
1547 973 1583 1040 in
1604 994 1643 1040 re
1667 991 1810 1065 mugnus
1835 969 1897 1042 hio

259 1114 423 1185 ltalomm
443 1113 653 1184 anatomicns
671 1112 815 1182 nominis
829 1113 882 1180 sul
902 1111 993 1182 lama
1011 1111 1158 1205 dignum
1175 1131 1250 1182 sese
1269 1111 1448 1203 praestitit
1509 1109 1634 1180 Fretus
1657 1111 1755 1205 lege,
1790 1130 1895 1200 quarn

258 1261 377 1321 natura
407 1253 442 1321 in
471 1250 712 1355 distributione
740 1271 921 1319 nervorum
949 1249 1017 1320 sibi
1041 1251 1243 1343 imposuisse
1271 1251 1467 1339 rideretur,
1501 1272 1569 1340 qua
1590 1260 1728 1343 praeter
1750 1271 1895 1323 nervum

265 1385 523 1460 trochlearem
542 1409 609 1458 non
627 1387 733 1458 alium
755 1407 858 1478 quem
876 1389 1069 1479 simplicem
1087 1409 1230 1459 nervum
1254 1389 1290 1457 in
1311 1389 1417 1458 ullam
1443 1399 1577 1480 partem
1604 1391 1794 1477 emitteret,
1832 1389 1897 1460 sed

258 1549 377 1598 omnes
390 1525 580 1596 alternatim
596 1524 779 1624 jungeret,
812 1535 902 1616 quse
917 1527 1115 1622 conjunctio
1131 1539 1191 1600 aut
1206 1531 1283 1624 ipso
1301 1529 1399 1618 loeo,
1423 1532 1483 1600 ubi
1504 1532 1600 1600 nervi
1620 1531 1813 1619 orirentur,
1838 1537 1897 1602 aut

259 1674 353 1736 extra
373 1667 527 1736 cranium
547 1677 582 1736 et
598 1668 791 1736 oolumnam
810 1666 1037 1738 rertehmlem
1057 1667 1219 1762 plexibus
1240 1678 1274 1738 et
1293 1669 1444 1763 gangliis
1468 1669 1686 1752 efficeretur3
1718 1670 1812 1739 idem
1833 1691 1895 1740 na·
2015 1671 2018 1686 '

255 1803 369 1876 'turam
385 1804 630 1898 coniunctione
644 1803 858 1878 Accessere
872 1815 907 1876 et
921 1803 1025 1902 Vogi
1040 1808 1250 1901 praestitisse
1264 1807 1406 1899 putarit
1466 1805 1572 1892 Quod
1586 1807 1753 1878 videlicet
1776 1816 1897 1876 natura
2019 1883 2026 1896 ,

256 1965 398 2015 nervum
421 1940 711 2041 Sympetlrieum,
745 1967 847 2036 quem
863 1946 1075 2016 cerebralem
1097 1965 1171 2016 esse
1190 1945 1372 2014 arbitratus
1393 1951 1463 2033 est,
1501 1965 1579 2014 cnm
1598 1943 1703 2014 variis
1723 1944 1897 2016 medullae

256 2080 400 2176 spinalis
424 2086 538 2154 nervis
563 2085 747 2170 nectendo,
785 2083 925 2156 effluere
947 2083 1114 2170 voluerit,
1149 2081 1244 2152 idem
1267 2081 1396 2152 videri·
1410 2081 1497 2170 sibi,
1526 2079 1651 2173 juncto
1672 2089 1794 2152 notave
1817 2081 1895 2174 pari

256 2242 336 2293 enm
343 2218 584 2306 Accerserio,
608 2222 1016 2316 compendiosissimarin
1028 2221 1192 2294 effecisse
1217 2219 1306 2290 Nam
1321 2221 1372 2290 uti
1387 2215 1644 2316 Sympotir'orn
1656 2243 1676 2289 a
1689 2221 1804 2290 nervis
1815 2241 1893 2292 eer-

257 2358 424 2432 vicelibus
443 2360 548 2432 oertis
565 2360 759 2432 intervallis·
776 2381 897 2432 nervos
925 2363 1075 2453 accipiat
1081 2407 1093 2444 ,
1126 2359 1252 2448 quibus
1273 2359 1419 2429 crassior
1435 2357 1620 2441 reddntnrr
1657 2359 1705 2428 ita
1728 2355 1894 2455 Vogum,

257 2497 357 2590 eujus
380 2499 465 2568 situs
488 2507 522 2567 et
544 2507 713 2568 structura
739 2497 778 2566 id
805 2519 873 2568 non
896 2498 1077 2570 videantur
1103 2500 1323 2591 permittere,
1361 2499 1475 2568 statim
1499 2489 1716 2590 u'prinnipio
1741 2499 1816 2570 lere
1841 2507 1892 2570 tot

256 2637 429 2706 medullae
454 2637 595 2729 spinalis
614 2636 750 2707 radices
773 2637 819 2706 ad
840 2657 878 2708 se
897 2637 1052 2726 trabere,
1085 2653 1171 2730 quot
1189 2641 1259 2709 sint
1283 2639 1380 2708 nervi
1400 2638 1604 2728 oemieales,
1638 2659 1708 2729 quo
1726 2639 1804 2725 liat,
1837 2647 1892 2726 ut,

257 2773 353 2864 qnod
376 2777 518 2846 attineat
541 2775 588 2844 ad
615 2775 691 2869 ejus
712 2784 846 2868 partem
868 2761 1091 2870 eerricalem,
1127 2781 1258 2873 pariter
1281 2801 1318 2851 se
1341 2779 1488 2867 habeat,
1520 2789 1623 2869 atque
1646 2779 1893 2868 intereostalis,

255 2925 495 3009 praeterquam
518 2917 613 3007 qnod
630 2917 679 3006 is,
713 2917 794 3006 qnia
815 2940 936 2989 munus
960 2919 1035 3013 eJus
1063 2919 1174 3014 maJ'us
1194 2920 1410 3013 ampliusque
1432 2920 1467 2988 in
1489 2927 1632 3012 peetore
1653 2928 1689 2990 et
1706 2917 1893 2988 abdomine

255 3055 320 3144 sit,
345 3057 447 3126 etiam
466 3056 523 3130 his
539 3059 625 3130 loeis
650 3059 840 3128 emedulln
857 3061 983 3153 spinuli
1001 3061 1107 3130 libras
1127 3059 1173 3128 ad
1191 3079 1228 3128 se
1248 3056 1362 3128 trabat
1382 3057 1520 3166 plpres,
1555 3079 1658 3147 quam
1681 3053 1813 3154 Vagus
1836 3079 1894 3128 re·
2026 3147 2030 3156 Ι

257 3193 390 3284 quirat,
411 3197 541 3298 quippe
562 3199 710 3287 quinon
731 3208 859 3270 tantum
877 3199 1011 3268 itineris
1027 3199 1062 3269 in
1080 3197 1284 3289 corporibus
1305 3196 1529 3266 animantium
1549 3198 1737 3267 emetiatur.
1791 3192 1896 3294 Vaga*

256 3341 291 3402 et
300 3329 528 3431 Sympntlrior'
534 3388 546 3424 ,
559 3359 706 3427 qnorum
718 3339 779 3408 ille
788 3339 930 3430 plexum
942 3336 1320 3436 gangliol'ormem,hie
1332 3337 1473 3430 ganglia
1485 3332 1629 3423 babeat,
1644 3338 1775 3427 quique
1787 3336 1895 3431 hujus
1938 3301 1941 3308 Ι

255 3474 306 3543 rei
331 3473 557 3544 similitudine
584 3475 733 3564 quadam
756 3484 951 3562 teneantur,
987 3477 1166 3566 utriusque
1195 3474 1304 3568 igitur
1328 3475 1425 3546 nerui
1450 3483 1619 3546 structura
1641 3484 1676 3544 et
1698 3471 1893 3564 hrndtione,

254 3634 356 3703 quam
378 3611 414 3682 in
428 3615 520 3684 eollo
537 3613 705 3701 habeant,
737 3611 970 3706 conjecturum
984 3635 1080 3684 suam
1100 3615 1293 3686 confirmari
1322 3615 1502 3686 existimat.
1563 3615 1617 3686 Er
1637 3615 1693 3688 his
1716 3615 1893 3702 omnibus,

255 3752 377 3844 ntjam
394 3751 471 3844 ejus
489 3753 597 3846 ipsius
611 3751 727 3824 verbis
745 3761 839 3839 ntar,
872 3754 941 3824 hoc
965 3751 1070 3824 modo
1093 3755 1273 3826 concludit
1282 3777 1298 3824 e
1328 3757 1418 3838 „Ser
1434 3758 1544 3844 girulo
1564 3758 1636 3839 uid)
1658 3759 1750 3842 tuber
1770 3775 1805 3842 tu
1826 3763 1892 3826 brer

198 3883 202 3890 ’
255 3889 393 3974 uetere
414 3895 586 3980 lecerunt,
613 3893 741 3981 inquit,
772 3899 833 3978 tot
853 3900 905 3963 ter
925 3862 1092 3981 sereser,
1122 3897 1183 3980 triu
1210 3895 1472 3980 sustentatione
1501 3899 1563 3964 net
1592 3895 1668 3978 [rire
1688 3895 1893 3980 destertuit

253 4021 308 4089 uit
328 4024 393 4090 teu
415 4021 517 4101 odrtru
538 4025 661 4107 beare,
692 4035 754 4091 eon
773 4026 825 4091 te
845 4025 950 4092 linter
975 4027 1060 4106 turn
1085 4041 1120 4107 ru
1149 4017 1215 4090 'bru
1236 4021 1321 4094 tube
1348 4022 1541 4102 eeoutottrt
1568 4025 1710 4106 noum,
1738 4025 1835 4092 tuerit
1861 4043 1893 4093 rr

252 4157 318 4222 teu
340 4153 443 4233 eduen
462 4155 566 4236 boner
592 4155 669 4236 uidet
694 4173 753 4226 eut
780 4157 865 4226 eluro
892 4155 963 4226 urit
989 4151 1257 4240 ouegebrritrtereu
1279 4151 1433 4238 uelorum
1461 4139 1640 4238 tardetis,
1671 4155 1796 4256 lenton
1817 4157 1890 4238 aue

253 4285 394 4368 tuter,
428 4301 480 4354 uer
508 4286 574 4352 teu
602 4285 777 4374 eetuetez
803 4287 905 4369 rrtrttu
933 4287 1036 4368 ‘itanu
1063 4283 1126 4350 rtur
1155 4283 1254 4368 rigere
1280 4283 1642 4370 3uleuuteulrtuuueurt
1669 4301 1705 4370 eu
1734 4281 1829 4370 terge
1855 4303 1891 4368 ur

216 4445 219 4452 ·
253 4411 394 4500 turgeu,
414 4411 577 4497 trulrlbru
597 4417 629 4498 le
649 4415 724 4482 uiris
741 4415 853 4500 &otuu
872 4427 942 4483 tou
957 4413 1169 4490 &terrueris
1189 4413 1334 4500 gutierre
1354 4412 1464 4495 liene,
1485 4415 1537 4482 ote
1556 4417 1607 4480 ber
1627 4413 1767 4482 bdouutr
1787 4414 1891 4488 surm

254 4543 525 4620 reintraverunt
545 4541 757 4612 mercenarie
775 4543 807 4610 iu
826 4545 877 4612 ber
895 4546 1091 4631 holtgrssenb
1111 4542 1243 4626 rebius·
1296 4540 1432 4610 Deinde
1456 4542 1576 4611 transit
1602 4541 1647 4610 ad
1670 4540 1891 4632 explicandas

253 4676 493 4772 pathologicas
521 4681 687 4771 quasdam
713 4651 929 4767 affectiones,
961 4703 1049 4772 quae
1075 4700 1238 4749 consensu
1267 4679 1483 4772 pharyngis,
1520 4680 1712 4773 oesophagi
1740 4688 1773 4750 et
1804 4701 1888 4749 ren·

254 4817 372 4924 trienii
398 4839 477 4888 eum
495 4821 768 4893 commemoratis
785 4823 909 4914 capitis
933 4831 968 4893 et
987 4819 1122 4891 humeri
1142 4819 1306 4890 musculis
1327 4831 1511 4890 nascantur.
1570 4821 1753 4906 Praeterea
1771 4818 1889 4906 addit,

254 4977 341 5046 quae
359 4956 433 5048 ipse
453 4957 646 5029 observarit
665 4961 710 5031 de
725 4959 865 5031 homine
881 4959 1132 5054 hydrophobia
1146 4959 1291 5046 affecto,
1316 4959 1351 5028 in
1367 4980 1437 5048 qno
1453 4959 1639 5050 imprimis,
1665 4979 1743 5026 cum
1764 4981 1887 5049 aquam

254 5061 488 5187 conspiceret,
521 5094 583 5164 ille
598 5115 784 5168 cenmnsus
800 5099 1038 5170 involuntariis
1055 5101 1277 5172 humerorum
1302 5108 1338 5168 et
1352 5098 1435 5170 colli
1454 5097 1661 5168 motionibus
1681 5103 1888 5190 apparuerit.

253 5237 382 5322 Porro,
407 5241 587 5328 postquam
604 5233 742 5325 doerit,
766 5237 1056 5327 quemadmodum
1071 5239 1106 5308 in
1119 5238 1244 5330 angina
1263 5247 1298 5306 et
1313 5236 1472 5328 spasticis
1484 5235 1675 5332 pharyngis
1689 5237 1888 5327 affectibus,

1471 5371 1498 5444 8
