4678 6170
1851 611 1901 694 85

363 809 674 901 Priusquamvaro
697 808 874 880 ostendam
893 806 932 878 id
947 807 1061 901 ipsum
1084 793 1381 898 quomadmodum
1400 811 1642 906 experimentis
1667 835 1822 907 quoque,
1855 841 1897 889 ex

267 949 472 1022 dissectione
490 947 702 1022 Accerserit·
719 949 755 1017 in
775 950 931 1021 vivorum
952 947 1147 1017 animalium
1165 949 1369 1039 corporibus
1392 952 1522 1044 captis,
1553 953 1815 1046 comprobatum
1833 957 1895 1044 eit,

267 1089 369 1160 liceat
386 1089 473 1158 milri
491 1111 534 1158 ex
555 1089 615 1176 iis,
640 1111 729 1178 quaa
750 1090 785 1158 in
802 1089 871 1158 lroc
887 1093 1016 1180 genere
1036 1084 1232 1174 elaboravi,
1256 1087 1421 1172 rationem
1439 1111 1655 1182 proponere,
1679 1113 1746 1181 qua
1761 1113 1803 1162 aa
1819 1117 1894 1166 maa

265 1229 451 1313 sententia,
474 1237 591 1296 natura
609 1249 730 1296 nervos
744 1225 931 1296 secundum
945 1225 1016 1294 vim
1030 1225 1209 1296 motorium
1227 1235 1260 1296 et
1276 1227 1467 1298 sensificam
1482 1251 1546 1322 per
1560 1251 1705 1323 corpora
1718 1231 1896 1303 hominum

266 1366 531 1455 animaliumque
551 1341 775 1440 distribuerit.

338 1502 414 1574 Etsi
435 1504 594 1574 nimirum
616 1502 653 1571 in
674 1502 822 1572 omnium
841 1501 1058 1572 animantium
1077 1499 1281 1592 corporibus
1302 1500 1387 1572 duas
1403 1501 1480 1573 illas
1499 1503 1678 1576 facultates
1698 1525 1896 1594 nemorum,

266 1651 395 1712 motum
415 1641 496 1713 dico
513 1652 548 1713 et
568 1642 828 1713 sensibilitatem
853 1641 1010 1712 videmus
1035 1637 1250 1730 coniunctas,
1285 1642 1334 1716 ita
1356 1650 1395 1711 ut
1419 1643 1513 1712 nullo
1535 1645 1567 1714 in
1591 1667 1740 1738 organo,
1774 1647 1808 1718 iu
1827 1668 1896 1735 quo

266 1781 658 1868 cernitursensibiiitos,
682 1761 860 1850 incudem
884 1803 952 1850 non
972 1789 1136 1872 appareat
1158 1789 1269 1848 motus
1288 1781 1446 1868 quidam,
1481 1791 1516 1851 et
1534 1783 1657 1854 eodem
1674 1784 1779 1853 modo
1798 1805 1896 1856 versa

265 1923 360 2003 rice3
393 1919 482 1990 haec
503 1929 617 1990 tamen
642 1929 781 1990 naturae
808 1921 947 2006 videtur
973 1921 1030 1988 lex
1059 1935 1153 2001 esse,
1185 1926 1224 1987 ut
1245 1915 1323 1986 illas
1352 1917 1530 1988 facultates
1554 1919 1591 1987 in
1614 1921 1794 2012 principiis
1819 1923 1896 2012 pari

265 2059 370 2140 modo
391 2071 583 2153 separaret,
615 2070 719 2149 atque
735 2060 874 2130 easdem
891 2059 926 2128 in
944 2055 1193 2128 evolationibus
1209 2055 1377 2149 jungeret
1400 2067 1435 2126 et
1452 2069 1680 2130 connecteret
1735 2061 1839 2148 Quod
1858 2071 1897 2130 ut

267 2197 420 2270 efiiceret
433 2199 523 2268 duaa
539 2199 571 2268 ei
584 2200 660 2268 viae
673 2208 874 2292 patuerunt,
892 2217 977 2287 quas
991 2197 1094 2266 etiam
1109 2193 1246 2263 videtur
1261 2196 1378 2266 ambas
1393 2197 1557 2289 ingressa.
1581 2199 1669 2268 Nam
1684 2199 1897 2293 conjunctio·

265 2361 341 2408 nem
367 2337 517 2408 duarum
533 2339 670 2408 illarum
689 2337 887 2408 facultatum
911 2337 959 2406 ita
982 2331 1122 2405 efficere
1142 2335 1274 2427 potuit,
1312 2346 1351 2405 nt
1373 2359 1430 2408 eas
1455 2348 1514 2408 aut
1537 2350 1708 2432 separatas
1728 2362 1794 2433 per
1811 2363 1895 2412 con·

266 2479 426 2547 ductores
442 2476 635 2570 peculiares
653 2477 687 2544 in
705 2497 837 2567 organa
854 2482 993 2567 agaret,
1019 2482 1053 2543 et
1070 2473 1103 2540 in
1122 2471 1179 2541 lais
1198 2473 1336 2543 demum
1352 2483 1524 2560 necteret3
1546 2489 1605 2547 aut
1621 2477 1739 2549 ambas
1750 2480 1896 2550 faculta-

264 2624 335 2702 tes,
359 2615 410 2683 ibi
430 2613 572 2705 quidem
592 2613 653 2682 nbi
665 2622 820 2683 emanant
830 2619 1020 2704 separatas,
1039 2633 1119 2682 mox
1134 2619 1245 2684 baren
1256 2615 1426 2710 jungeret
1441 2625 1475 2685 et
1489 2619 1588 2687 mixti
1602 2619 1821 2692 conductoris
1829 2641 1896 2713 ope

266 2753 473 2845 dispertiret.
520 2753 623 2823 Prior
632 2753 720 2822 ratio
733 2759 783 2822 est
797 2761 943 2842 quatuor
956 2771 1156 2837 nervorum,
1177 2751 1238 2840 qui
1250 2752 1545 2846 soliuspotestatls
1557 2760 1722 2828 motoriae
1735 2757 1897 2830 ductores

263 2903 360 2982 sunt,
384 2896 434 2964 uti
457 2887 742 2981 Oculomotorii,
772 2859 1025 2978 Trochlearr's,
1048 2885 1274 2960 Abducenlr'r
1295 2899 1329 2960 et
1348 2888 1594 2990 Hypoglossi,
1618 2895 1678 2983 qui
1700 2896 1796 2963 nervi
1816 2913 1896 2964 cum

263 3031 530 3104 solisaensiflcae
542 3034 718 3126 potestatis
730 3032 933 3104 ductoribus
944 3031 1005 3100 ie.
1018 3031 1228 3122 cumprimis
1251 3032 1497 3104 duobusramis
1508 3043 1628 3106 etcum
1644 3036 1895 3132 ramolinguaii

263 3169 358 3241 tertii
379 3173 465 3239 rami
486 3149 687 3268 iiigemini
710 3173 745 3243 in
764 3169 985 3264 peripherica
1004 3167 1251 3240 divaricatione
1265 3169 1380 3263 juncti
1395 3182 1494 3260 sunt,
1519 3182 1578 3244 aut
1589 3173 1709 3248 saltem
1721 3174 1767 3241 ad
1779 3183 1898 3265 partes

263 3309 450 3381 eorundem
465 3332 671 3403 organorum
687 3312 914 3382 deducuntur.
962 3311 1082 3380 Altera
1100 3311 1187 3380 ratio
1204 3322 1256 3381 sat
1275 3320 1474 3382 cunctorum
1494 3335 1675 3408 nervorum
1692 3314 1892 3406 spinolium,

261 3449 430 3544 portionis
443 3451 584 3521 minoris
601 3461 634 3520 et
650 3451 735 3519 rami
751 3450 844 3518 tertii
862 3449 1031 3541 portionis
1047 3449 1189 3540 majoris
1213 3448 1431 3545 filgemr‘rar',
1456 3447 1642 3540 Farsalia,
1671 3448 1899 3549 Glossopla-

261 3593 395 3686 ryngei
410 3600 446 3661 et
464 3588 511 3659 V
502 3592 568 3686 ogi
575 3639 585 3676 ‚
609 3609 758 3680 quocum
772 3585 1012 3660 Accessorias
1027 3585 1097 3656 boc
1114 3588 1249 3656 nomine
1271 3589 1305 3658 in
1325 3611 1428 3658 uuum
1445 3609 1587 3658 nervum
1604 3590 1682 3658 coit
1732 3589 1803 3660 His
1816 3610 1895 3658 ner-

262 3727 315 3797 vis
331 3739 448 3800 natura
466 3729 575 3808 dedit,
585 3727 669 3797 duas
685 3727 761 3796 illas
779 3726 958 3796 facultates
967 3725 1109 3817 junctas
1123 3729 1283 3798 continuo
1294 3738 1373 3820 post
1385 3751 1503 3800 eorum
1516 3731 1778 3842 emaffia'tionem,
1806 3751 1895 3819 qnae

262 3865 396 3936 duabus
413 3867 577 3954 diversis,
594 3867 705 3954 iisque
722 3864 887 3955 separatis
904 3862 1079 3934 radicibus
1095 3863 1262 3946 officiium
1288 3874 1322 3934 et
1337 3867 1451 3946 nervis
1464 3866 1656 3959 spinniibus
1671 3866 1813 3956 quidem
1830 3888 1895 3958 per

261 4005 398 4076 radices
412 4006 540 4076 anticas
559 4014 593 4073 et
607 4003 776 4097 posticas;
801 4003 836 4072 in
860 3999 1069 4097 Trigemino
1088 4025 1152 4093 per
1169 4003 1307 4072 tertium
1325 4002 1483 4094 ejusdem
1500 4026 1633 4075 mmnm
1655 4015 1689 4074 et
1704 4006 1896 4098 portionem

260 4143 446 4226 minorem
470 4147 505 4212 in
522 4139 671 4214 Fociali
689 4165 753 4235 per
769 4143 963 4235 portionem
979 4141 1053 4234 ejus
1070 4141 1235 4234 majorem
1255 4151 1290 4212 et
1305 4144 1498 4236 portionem
1513 4145 1752 4216 intermediam
1773 4142 1834 4216 W
1827 4147 1895 4216 ris·

261 4277 380 4380 bergir'
387 4308 401 4367 ,-
438 4283 473 4353 in
491 4277 844 4379 Glossoplroryngeo
862 4279 994 4373 pariter
1009 4303 1074 4372 per
1091 4283 1176 4352 duas
1193 4279 1268 4376 ejus
1288 4283 1443 4367 radices3
1476 4285 1515 4354 in
1533 4281 1644 4384 Vogo
1665 4285 1816 4374 denique
1831 4305 1894 4376 per

266 4419 414 4519 Vagam
431 4423 543 4516 ipsum
564 4431 667 4512 atque
683 4419 949 4492 Accessoriurra

358 4563 501 4633 Praeter
523 4562 611 4631 baec
629 4561 783 4631 breviter
806 4581 971 4652 exponam
990 4557 1190 4629 mumadam
1208 4579 1319 4662 meam
1339 4555 1384 4626 de
1400 4565 1473 4627 toto
1492 4577 1674 4628 nervorum
1694 4566 1894 4650 systemate,
2001 4657 2005 4668 Ι

262 4701 448 4772 rationibus
468 4703 543 4794 jam
562 4704 674 4772 allatis
692 4702 992 4773 accommodatam
1050 4697 1182 4769 Omnes
1197 4698 1287 4766 enim
1304 4717 1426 4767 nervos
1447 4697 1599 4790 primum
1620 4697 1655 4768 in
1679 4707 1749 4769 tres
1770 4699 1894 4768 classes

264 4837 427 4908 dividam.
476 4841 514 4910 ln
532 4841 679 4932 primam
699 4863 814 4910 earum
833 4840 946 4910 refero
967 4847 1039 4910 tres
1059 4857 1180 4906 nervos
1200 4836 1387 4924 sensurias,
1417 4831 1681 4932 olfactorium,
1710 4830 1896 4930 Opticum,

263 4971 499 5048 Auditorr'um
508 5001 522 5060 ‚-
567 4979 604 5046 in
629 4979 771 5050 alteram
795 4979 938 5050 classem
966 4997 1108 5048 nervam
1137 4970 1389 5072 Vogctotivum
1417 4994 1478 5045 sea
1501 4965 1790 5070 Sympatba'cum,
1828 4995 1898 5064 quo

262 5129 373 5188 totum
389 5129 538 5209 systema
559 5139 602 5184 ex
620 5139 658 5186 se
677 5128 794 5209 aptum
809 5117 900 5188 effici
922 5116 1004 5208 jure
1024 5115 1204 5197 ducimus;
1228 5116 1265 5182 in
1286 5115 1421 5185 tertiam
1440 5112 1588 5202 denique
1611 5113 1799 5184 referamus
1817 5136 1896 5183 ner·

265 5279 327 5326 ans
343 5256 492 5349 spinales
511 5263 711 5343 ceterosque
732 5277 853 5326 nemos
871 5253 1076 5328 cerebrales·
1126 5251 1224 5322 Haec
1238 5253 1338 5321 tertia
1353 5251 1473 5322 classis
1491 5273 1609 5323 rursus
1625 5255 1661 5322 in
1679 5252 1750 5324 dno
1768 5275 1895 5346 genera
