4678 6170
548 807 669 897 Itaque
693 808 808 876 statim
831 808 936 877 aliurn
964 809 1134 898 quendam
1160 808 1315 892 bironnr,
1338 810 1399 898 qui
1415 810 1575 896 vastiori,
1599 831 1703 899 quarn
1721 811 1801 895 iile,
1826 832 1973 903 corpore
1997 815 2079 902 init,

453 947 499 1018 ad
524 947 923 1040 eandomoperationem
948 945 1105 1016 adhibui.
1164 945 1306 1016 Sublata
1329 947 1597 1039 ossiscccipitis
1625 957 1724 1038 parte
1758 958 1793 1018 et
1825 949 1974 1022 inhibito
2002 974 2080 1022 san·

453 1087 567 1180 guinis
598 1085 788 1177 profluvio,
826 1087 863 1155 in
900 1095 1045 1188 utroque
1078 1087 1183 1155 latere
1215 1107 1292 1156 cnm
1324 1085 1445 1155 forfice
1474 1087 1569 1154 tenui
1601 1094 1637 1155 et
1667 1095 1768 1156 acuta
1797 1109 1913 1158 onmes
1945 1091 2084 1162 radices

453 1220 682 1310 Accerserit
697 1247 800 1292 unam
824 1235 903 1316 post
926 1226 1068 1293 alteram
1092 1245 1195 1313 quarn
1223 1222 1418 1294 cautissime
1449 1223 1608 1293 dissecm.
1667 1223 1754 1294 lam
1779 1245 1859 1294 cum
1882 1228 1923 1294 ln
1946 1223 2083 1300 dextro

453 1359 566 1432 hiere
597 1383 723 1432 omncs
756 1359 903 1433 radices
937 1359 1206 1449 dissecuissem,
1242 1357 1434 1449 animalis,
1471 1359 1573 1458 quod
1609 1365 1776 1434 contium
1808 1361 1975 1461 ejulavit,
2008 1387 2086 1437 vox

453 1520 569 1571 rauca
582 1497 720 1596 facto:
752 1470 912 1570 rotrodo
938 1499 1003 1572 illo
1029 1502 1199 1572 meduno
1225 1513 1334 1570 aucta
1359 1515 1430 1586 cst,
1455 1499 1673 1598 quoplrrres
1698 1499 1844 1574 radices
1868 1507 1908 1574 r'n
1932 1508 2082 1580 cbristro

454 1662 599 1737 quoque
622 1638 737 1711 latere
758 1637 929 1713 dissecui‘
991 1638 1156 1712 Tandem
1190 1663 1268 1710 cum
1300 1660 1427 1710 omnes
1451 1637 1598 1712 radices
1630 1643 1670 1710 r'rt
1694 1656 1848 1740 unoque
1872 1640 1985 1714 latere
2017 1643 2084 1718 ob·

453 1778 659 1868 ccidissent,
683 1781 807 1851 hircos
832 1803 972 1852 omnem
995 1803 1116 1852 vocem
1140 1785 1281 1868 amisit,
1307 1795 1341 1852 ct
1359 1785 1551 1854 semissem
1568 1781 1751 1880 quendam
1768 1807 1814 1856 cc
1832 1788 2081 1860 rmrcissimum

455 1915 702 1989 mntemmodo
728 1885 846 1989 culisit
869 1941 1016 2006 sonum,
1042 1923 1106 2018 qui
1129 1923 1338 2018 neutiquam
1362 1943 1437 1991 socc
1461 1919 1641 2016 appellari
1660 1925 1790 2018 potuit.

446 2029 448 2040 ‘
551 2056 657 2126 noro
681 2043 816 2126 roenna
839 2056 1005 2150 contigit,
1040 2066 1078 2124 ur
1099 2057 1366 2145 uteremur,
1397 2060 1463 2128 vir
1485 2061 1751 2150 illustrissimus,
1784 2064 1944 2148 armaq-
1971 2065 2019 2134 ἢ,
2044 2075 2081 2134 ur

453 2199 522 2266 suis
547 2199 655 2289 ipsius
686 2199 794 2266 oculis
827 2207 861 2266 et
888 2199 1028 2267 auribus
1061 2218 1271 2293 cognoscere
1299 2175 1439 2292 posset,
1478 2222 1581 2289 quern
1613 2201 1700 2271 haec
1732 2204 1887 2293 operatio
1925 2213 2083 2274 eventurn

453 2335 608 2404 haberet
665 2333 753 2402 Orta
777 2335 918 2424 quidern
944 2335 1115 2405 dubitatio
1139 2347 1209 2423 est,
1233 2361 1276 2406 an
1302 2361 1369 2430 ego
1394 2359 1460 2408 nou
1485 2336 1698 2416 Accerserit
1723 2341 1851 2426 solnm,
1875 2339 1939 2409 seri
1963 2341 2083 2431 plures

454 2472 557 2540 dam
594 2469 696 2568 Pagi
726 2472 861 2542 radices
894 2471 1149 2560 dissecuisseni,
1184 2497 1292 2565 eaque
1326 2497 1364 2544 re
1394 2499 1461 2546 ror
1493 2479 1630 2569 perdita
1661 2488 1760 2547 esset.
1820 2478 1948 2548 Verum
1978 2501 2081 2569 quarn

453 2610 586 2697 entim,
617 2611 755 2679 animali
785 2612 919 2698 occiso,
956 2613 1025 2681 feci
1057 2613 1165 2682 sectio
1200 2614 1247 2683 ad
1280 2616 1398 2685 oculos
1432 2617 1693 2704 demonstrarit,
1726 2617 1863 2686 redicas
1903 2615 2005 2715 Vugi
2035 2618 2081 2689 ad

453 2773 560 2818 unum
582 2772 699 2820 omnes
722 2753 760 2820 in
783 2760 929 2840 utroque
949 2753 1057 2821 latare
1080 2753 1235 2840 illaesas,
1270 2751 1480 2825 Accessorii
1511 2762 1625 2824 antem
1657 2777 1775 2826 omues
1804 2756 1970 2828 dissectos
2000 2777 2082 2828 esse

453 2887 531 2958 Hoc
559 2899 801 2981 praeparatum
829 2891 867 2960 in
898 2890 1023 2981 spiritu
1048 2892 1118 2959 vini
1150 2909 1352 2962 conservare
1382 2894 1504 2982 metui,
1541 2902 1579 2962 ut
1603 2879 1742 2964 eventus
1766 2897 1989 2988 experimenti
2013 2897 2081 2966 mei
2107 2971 2114 2980 ,

454 3029 651 3120 negativam
684 3065 732 3082 -
766 3029 796 3098 si
826 3029 879 3098 sic
912 3029 1031 3100 dicere
1066 3029 1170 3100 liceat
1210 3068 1257 3100 -·.
1295 3031 1524 3100 testimoninm
1558 3032 1659 3101 toret.
1707 3069 1754 3088 -
1814 3005 1958 3104 l'raeter
1994 3035 2084 3104 Tm

453 3186 661 3250 omnnem,
707 3151 830 3233 Virum
869 3165 1153 3252 illustrissimum,
1196 3167 1300 3236 etiarn
1337 3167 1389 3236 Μ.
1425 3148 1648 3255 sirenarum,
1691 3170 1788 3240 Med.
1825 3171 1949 3258 Cauil„
1994 3171 2082 3240 mihi

453 3303 698 3389 amicissimus,
740 3325 843 3392 quem
872 3303 948 3396 jam
980 3325 1084 3395 supra
1116 3305 1219 3373 animi
1256 3328 1357 3377 causa
1391 3311 1654 3381 commemoravi
1687 3334 1822 3404 semper
1854 3335 1920 3403 pro
1952 3334 2082 3382 summa

454 3443 529 3534 qius
559 3465 643 3535 erga
676 3464 732 3512 rne
763 3443 904 3512 caritate
937 3443 975 3510 iu
1007 3444 1250 3535 experimentis
1284 3447 1454 3518 faciundis
1484 3449 1723 3521 liberalissime
1755 3469 1895 3543 operam
1928 3473 2085 3536 navasse,

453 3587 536 3654 lunio
567 3607 707 3676 quoque
736 3587 968 3677 experimento
1001 3586 1167 3656 interfuit.
1237 3586 1313 3654 Non
1341 3607 1481 3674 possum
1513 3588 1598 3673 quin
1632 3589 1755 3655 iterum
1792 3587 1852 3656 bic
1890 3587 1921 3654 ei
1954 3587 2084 3677 gratias

452 3747 555 3816 agam
584 3725 767 3804 maximas3
804 3724 929 3794 etenira
954 3726 1186 3815 experimenta
1216 3743 1293 3792 moa
1324 3730 1392 3789 tam
1423 3719 1583 3789 difficilia
1613 3730 1720 3812 puto,
1757 3732 1795 3791 nt
1818 3745 1839 3790 a
1864 3723 2001 3792 nemine
2027 3747 2085 3810 ea,

455 3863 521 3932 uisi
552 3862 598 3931 sit
620 3861 706 3932 socii
731 3862 910 3956 cujusdam
942 3862 979 3928 iu
1004 3862 1074 3932 boc
1098 3881 1226 3955 genere
1257 3861 1344 3950 bpno
1376 3864 1500 3930 versati
1531 3881 1640 3952 opera
1669 3859 1827 3954 adjutus,
1864 3863 1941 3931 lieri
1965 3883 2084 3956 posse,

455 4001 542 4068 milri
566 4023 766 4093 percussum
791 4002 845 4070 sit

1203 4241 1244 4340 s
1287 4239 1345 4340 ³⁴-

553 4423 642 4492 Cnm
665 4421 773 4516 igitur
797 4421 903 4516 hujus
924 4423 1149 4514 experimenti
1174 4423 1272 4492 felici
1297 4432 1419 4492 eventu
1444 4389 1548 4490 etiarn
1572 4423 1632 4491 illa
1658 4425 1910 4516 experimenta,
1940 4440 2086 4510 quornm

456 4561 580 4645 tidem,
614 4564 709 4652 quod
734 4583 800 4632 non
824 4564 917 4632 omui
944 4585 986 4631 ex
1010 4575 1109 4654 parte
1132 4563 1245 4654 probe
1265 4565 1526 4651 successissent,
1557 4575 1750 4656 suspectam
1775 4562 1861 4632 mibi
1886 4563 1954 4654 ipsi
1979 4563 2086 4633 inisse

455 4703 679 4796 supradixi,
709 4703 785 4793 jam
817 4705 1037 4797 comprobari
1071 4706 1288 4790 viderentur,
1323 4705 1425 4773 linem
1455 4703 1595 4773 undem
1626 4703 1710 4770 meis
1742 4701 1987 4792 experimentis
2019 4703 2086 4770 ina·

457 4845 577 4933 posui,
614 4867 731 4914 eoram
764 4845 1052 4913 continuationem
1089 4867 1156 4914 nou
1188 4847 1292 4913 utorio
1328 4864 1394 4911 uon
1431 4842 1675 4926 necessariam,
1710 4839 1774 4908 sed
1806 4840 1894 4910 adeo
1930 4841 2087 4910 illicitam

460 4993 559 5050 ratus.
619 4983 827 5075 conjectura
852 5005 946 5069 mea,
981 5007 1083 5073 quarn
1110 4985 1294 5052 rationibus
1324 5004 1366 5050 ex
1390 4947 1556 5052 anatomia
1588 4991 1623 5049 et
1646 4980 1718 5049 sola
1748 4992 1861 5051 mente
1891 4983 2007 5072 petitis
2041 4981 2086 5048 tle

458 5121 670 5192 Accessorii
694 5124 728 5189 vi
765 5144 806 5191 ac
831 5133 950 5192 natura
981 5123 1151 5212 feceram,
1187 5121 1429 5214 experimentis
1460 5142 1597 5211 qnoque
1632 5143 1675 5190 ex
1708 5122 1862 5190 rivorum
1893 5120 2086 5189 animalium

459 5258 664 5351 corporibus
689 5263 799 5349 captis
831 5262 911 5331 satis
936 5262 1068 5331 firmata
1094 5285 1167 5333 esse
1200 5263 1287 5332 mibi
1319 5262 1465 5330 videtur.
1523 5259 1661 5328 Etenim
1694 5279 1772 5330 curn
1800 5259 1950 5328 discissis
1976 5259 2088 5328 nervis
