4672 6172
269 779 360 850 lutra
377 777 526 872 posticas
542 779 678 848 radices
705 786 741 846 et
760 778 979 876 ligamentum
999 775 1264 864 denticulatum,
1296 779 1486 850 arctissime
1506 781 1677 852 medullae
1695 781 1818 876 spinuli
1836 785 1901 854 ad·
1937 767 1943 774 ’

269 920 433 1006 haerens,
448 919 605 988 altiorem
623 918 801 1011 regionem
814 919 928 1009 petit,
944 937 1012 1006 qua
1027 916 1063 982 in
1080 913 1184 987 viaet
1199 919 1337 987 omuino
1348 919 1536 988 admodum
1551 939 1677 1012 paucas
1690 923 1825 992 radices
1844 921 1901 1013 (2)

268 1057 413 1150 accipit,
440 1067 475 1127 et
495 1058 696 1150 praesertim
717 1079 739 1125 a
756 1055 907 1124 medulla
924 1053 1113 1148 oblongata
1134 1067 1279 1146 quatuor
1300 1060 1535 1129 tautummodo
1554 1061 1688 1146 radices
1709 1061 1778 1154 (d)
1802 1063 1848 1130 ad
1866 1083 1904 1132 se

268 1197 392 1285 trahit,
417 1219 507 1287 quae
523 1198 668 1266 maxime
687 1197 720 1265 ia
739 1194 920 1285 obliquum
938 1194 1184 1266 adscendentes
1200 1215 1275 1265 sese
1295 1194 1516 1267 Aarassorr'a
1533 1199 1720 1290 applicant.
1774 1194 1905 1295 Vagus

269 1339 456 1409 duodecim
473 1339 581 1406 oritur
596 1346 654 1406 aut
669 1336 931 1426 quatuordecim
947 1336 1125 1406 radicibus
1142 1334 1230 1426 (4),
1255 1335 1414 1426 aquibus
1429 1347 1619 1429 separatam
1635 1338 1732 1409 rides
1750 1327 1903 1409 radicem

273 1473 616 1571 Glassoplraryngei
631 1475 699 1566 (5).
749 1473 841 1543 Intra
854 1475 1173 1544 lorameulaeerum
1190 1469 1320 1570 Vagus
1338 1483 1373 1545 et
1383 1471 1623 1546 Accessorias
1638 1497 1743 1545 unum
1756 1484 1904 1548 tautum-

268 1615 373 1686 modo
385 1637 525 1684 uervum
539 1615 688 1684 formare
700 1614 873 1700 ridentur,
887 1614 934 1680 ita
947 1621 985 1681 ut
998 1615 1085 1702 quid
1094 1611 1140 1680 ad
1148 1608 1408 1682 Accessoriam
1421 1614 1506 1703 quid
1518 1614 1563 1684 ad
1569 1608 1715 1711 Vagam
1724 1616 1904 1706 pertineat,

269 1775 335 1824 non
354 1711 587 1824 internoscere
601 1753 712 1845 possis
727 1752 793 1820 nisi
808 1775 868 1840 eo,
893 1751 988 1841 quod
1001 1748 1242 1824 Accessorias
1260 1773 1338 1823 cum
1358 1756 1500 1850 ganglia
1515 1778 1675 1847 supremo
1695 1753 1740 1826 V
1733 1759 1798 1854 agi
1813 1757 1904 1849 (d),

269 1897 363 1986 quod
385 1896 436 1964 ibi
457 1905 526 1982 cat,
551 1895 678 1964 nullam
697 1894 804 1964 habet
820 1897 1103 1964 communionem.
1153 1895 1262 1964 Extra
1280 1894 1435 1964 foramen
1451 1895 1623 1983 lacerum,
1648 1898 1708 1966 ulai
1726 1894 1904 1968 Accesse-

268 2037 384 2106 riusa
406 2032 518 2130 Vaga
540 2035 663 2102 iterum
682 2033 851 2121 discedit,
876 2031 1118 2106 Accessorius
1138 2032 1224 2102 duos
1243 2055 1356 2102 ramos
1374 2034 1527 2108 internos
1546 2033 1667 2126 (8.8)
1688 2035 1734 2104 ad
1757 2030 1903 2131 Vagam

267 2174 391 2260 mittit,
409 2176 468 2264 qui
486 2173 713 2264 inobliquam
731 2173 815 2244 lruic
831 2197 936 2244 nervo
951 2196 1028 2244 sese
1042 2171 1373 2264 appropinquantes,
1392 2193 1459 2240 una
1476 2193 1554 2242 cum
1568 2171 1637 2241 lilia
1658 2168 1703 2239 V
1695 2173 1760 2268 agi
1774 2191 1904 2242 murum

269 2309 528 2408 Pharyngeam
547 2311 640 2404 (lo)
660 2313 827 2399 formant,
860 2325 894 2382 et
919 2315 952 2382 in
974 2309 1077 2406 Vaga·
1096 2321 1253 2380 truncum
1275 2311 1372 2403 (11)
1397 2311 1639 2381 dissolvuntur.
1693 2313 1824 2383 aumas
1843 2335 1904 2382 ex·
1993 2385 1995 2388 ,

266 2461 384 2520 ternus
401 2449 612 2520 Accessere·
629 2449 703 2540 (9)
724 2451 770 2516 ad
790 2450 961 2520 masculos
980 2443 1475 2520 Sternacleidomastoideam
1493 2463 1527 2520 et
1545 2447 1769 2522 Caraallarem
1786 2455 1905 2522 tendit

268 2591 465 2660 &caudam
490 2586 593 2687 Vagr'
618 2591 783 2684 ganglion
805 2588 902 2681 (11)
928 2590 962 2658 ia
985 2589 1053 2657 hac
1075 2589 1185 2659 bestia
1213 2598 1264 2658 sat
1288 2591 1529 2682 conspicuum,
1564 2601 1598 2660 et
1616 2583 1793 2683 paululum
1813 2562 1904 2662 inira

267 2730 432 2822 ganglioa
451 2728 620 2799 cervicale
637 2750 836 2820 supremum
856 2722 1086 2825 Sympatlnici
1105 2727 1203 2819 (13)
1230 2730 1332 2799 situm
1351 2737 1422 2810 est;
1456 2738 1514 2816 ut,
1545 2751 1625 2801 cum
1646 2732 1715 2800 tela
1741 2732 1905 2801 cellulosa

261 2867 385 2959 juncta
399 2876 494 2954 saut,
518 2867 624 2937 facile
642 2890 683 2936 ea
698 2888 802 2936 unum
818 2867 1052 2935 tantummodo
1066 2874 1233 2936 tumorem
1251 2867 1392 2937 efficere
1409 2867 1598 2937 videantur.
1648 2864 1904 2964 Sympatla'cas

266 3009 342 3100 ipse
360 3005 457 3102 (la)
481 3031 560 3079 curu
580 3008 675 3079 nervi
703 3005 745 3076 V
740 3009 806 3103 agi
826 3017 948 3076 trunco
971 3004 1164 3075 arctissimo
1180 3015 1500 3075 conuexu'teuetur.
1551 3008 1681 3076 Remus
1695 3006 1905 3102 Laryngeas

267 3147 436 3244 superior
454 3149 552 3241 (15)
573 3149 618 3219 alr
638 3149 774 3218 interno
793 3148 901 3218 latere
920 3148 1041 3216 tertiae
1056 3145 1164 3236 partis
1182 3165 1362 3236 supremae
1382 3145 1525 3214 secundi
1552 3141 1598 3214 V
1591 3146 1656 3240 agi
1673 3146 1811 3239 ganglii
1833 3145 1907 3214 dis,

273 3289 386 3377 cedit,
409 3301 443 3360 et
460 3289 573 3358 statim
589 3297 668 3380 post
681 3311 779 3357 suum
796 3287 985 3357 discessum
1004 3282 1190 3354 iterumad
1206 3279 1353 3379 Vagam
1369 3284 1474 3351 mittit
1485 3282 1582 3351 illum
1597 3279 1776 3354 amaracus
1791 3281 1906 3376 (lo),

268 3429 364 3518 quod
388 3436 549 3516 tauquam
573 3435 750 3516 separatus
775 3443 917 3510 nervus,
941 3423 1132 3492 secundam
1154 3413 1300 3515 Vagam
1324 3421 1530 3508 decurrens,
1556 3441 1633 3490 cum
1656 3431 1777 3492 trunco
1800 3420 1907 3514 hujus

268 3567 363 3636 nervi
388 3563 618 3657 conjungitur.
1170 3653 1175 3668 ι

365 3704 406 3772 ln
431 3701 476 3773 V
468 3699 548 3798 alpe
568 3701 681 3794 (Tala.
699 3699 744 3769 ll.
763 3699 841 3792 Fig.
859 3698 920 3790 11)
942 3695 1183 3769 Accessorias
1200 3699 1323 3769 eodem
1344 3700 1449 3769 modo
1470 3700 1544 3769 lere
1565 3709 1668 3790 atque
1692 3703 1728 3769 iu
1748 3700 1816 3770 iele
1833 3701 1905 3770 ori-

199 3923 204 3932 ,
269 3854 325 3911 tar
351 3841 432 3932 (1).
489 3843 642 3912 Facilius
663 3850 767 3928 atque
785 3839 977 3908 accuratius
1000 3861 1104 3927 quam
1124 3841 1159 3910 iu
1178 3841 1337 3933 pluribus
1359 3842 1598 3911 mammalibus
1629 3841 1783 3928 radices,
1816 3865 1907 3932 quae

269 3979 313 4048 ad
325 3980 579 4050 Accessoriam
594 3978 767 4071 pertinent
785 3975 861 4067 (3),
887 3961 1095 4046 eradicibus
1109 3977 1211 4075 Vagi
1229 3981 1286 4072 (4)
1304 3980 1622 4073 disceruipossunt,
1649 3983 1906 4072 nequelaiara-

268 4122 360 4191 mine
376 4122 492 4190 lacero
508 4121 609 4190 ambo
623 4121 719 4190 uerri
736 4121 784 4188 ita
799 4127 892 4188 arcte
911 4117 1105 4188 cohaerent.
1155 4119 1344 4191 Distiuctae
1358 4121 1465 4192 librae
1483 4123 1528 4192 ad
1541 4121 1757 4193 formandum
1775 4147 1906 4193 ramum

270 4261 530 4361 Plraryngeam
550 4260 647 4352 (10)
666 4260 711 4329 ab
728 4260 950 4333 Accessorio
965 4259 1012 4328 ad
1033 4256 1179 4356 Vagam
1198 4283 1262 4332 aou
1278 4271 1454 4338 aanscant
1468 4263 1629 4354 quidem,
1654 4265 1716 4335 sed
1730 4266 1825 4354 quod
1843 4287 1906 4333 una

269 4405 305 4473 ia
326 4403 392 4474 lrac
411 4403 519 4472 beatis
542 4399 675 4488 iuveni,
702 4421 816 4470 ramus
837 4401 989 4470 internus
1008 4401 1052 4468 ab
1070 4396 1293 4472 Accessorio
1317 4401 1438 4471 missus
1464 4401 1554 4494 (8),
1577 4423 1656 4471 cum
1678 4398 1790 4498 Vaga
1817 4401 1907 4471 infra
1962 4373 1970 4392 ⁰

271 4543 408 4613 demum
444 4543 632 4613 secuudum
664 4535 771 4636 Vagi·
790 4540 957 4633 ganglion
981 4543 1179 4609 societatem
1209 4541 1288 4608 coit
1359 4541 1461 4610 liami
1495 4541 1739 4640 Pharyugeas
1770 4543 1805 4612 et
1834 4541 1906 4614 La-

270 4697 430 4777 ryngeas
454 4683 624 4775 superior
654 4678 752 4770 (11)
781 4699 849 4747 noa
883 4699 1011 4770 magno
1033 4678 1213 4748 intervallo
1250 4704 1271 4749 a
1299 4677 1409 4778 Vaga
1447 4681 1646 4767 discedant,
1690 4686 1778 4752 alter
1801 4685 1906 4774 paulo

268 4840 372 4911 supra
399 4820 588 4890 secuudum
620 4816 722 4916 Vaga'
746 4803 945 4912 gauglioa,
971 4818 1057 4887 alter
1082 4842 1124 4890 ax
1152 4821 1255 4892 tertia
1275 4831 1374 4916 parte
1398 4843 1558 4915 suprema
1582 4823 1739 4916 ejusdcm
1763 4825 1907 4918 gauglii.

269 4960 446 5054 Gunglion
466 4961 635 5030 cervicale
659 4982 858 5053 supremum
879 4953 1109 5056 Sympatla'ai
1130 4960 1226 5052 (18)
1252 4970 1350 5034 arcte
1372 4983 1451 5032 cum
1471 4961 1614 5056 ganglia
1637 4961 1792 5031 secundo
1813 4963 1907 5054 (12)

276 5103 379 5202 Vagi
398 5105 585 5192 cohaeret,
617 5107 666 5175 ita
691 5115 730 5174 ut
751 5107 810 5174 rix
827 5106 974 5174 altemm
1000 5103 1045 5172 ab
1063 5103 1173 5172 altero
1199 5103 1349 5174 discerni
1373 5101 1491 5193 possit.
1552 5095 1808 5197 Sympatdicas
1833 5105 1910 5196 ipse

270 5253 349 5316 cum
380 5243 490 5344 Vaga
517 5243 723 5338 conjunctus
749 5245 784 5315 ia
808 5245 901 5315 collo
926 5241 1090 5314 decurrit
