4672 6172
284 829 407 922 docti
429 829 487 920 de
505 857 650 920 nerro
661 818 719 918 A
721 825 949 948 ccessorrb
969 822 1222 916 sensissent
1237 822 1495 944 litterisque
1510 805 1833 942 mandassent,
1853 861 1909 922 ex

281 998 412 1092 libris
435 1027 601 1090 eorum
626 995 833 1120 cognovi.
882 992 1235 1118 Saepenumero
1255 993 1449 1116 quidem
1472 991 1700 1108 dubitavi,
1723 1027 1785 1088 an
1806 1029 1906 1092 rem

282 1163 339 1256 ad
354 1160 517 1258 'finem
547 1148 733 1288 possem
761 1163 1027 1287 perducere.
1083 1163 1206 1256 Nam
1238 1195 1347 1255 cum
1375 1193 1632 1288 permagna
1656 1182 1725 1254 est
1748 1195 1905 1259 rerum

283 1334 542 1426 obscuritas
556 1353 698 1454 atque
715 1331 968 1447 subtilitas,
987 1354 1092 1426 tum
1112 1364 1300 1425 summa
1322 1331 1373 1423 in
1394 1330 1673 1424 animalium
1692 1333 1907 1428 vivorum

283 1501 555 1628 corporibus
572 1502 760 1594 secandi
780 1522 828 1596 et
843 1502 1248 1630 experimentandi
1268 1499 1515 1594 difficultas
1534 1532 1670 1625 saepe
1689 1503 1906 1628 animum

282 1701 445 1762 meum
474 1651 772 1797 infringebat
854 1674 1010 1794 Atque
1039 1673 1157 1762 haec
1183 1671 1283 1797 ipsa
1312 1669 1594 1795 anquirendi
1626 1672 1764 1787 ratio,
1801 1672 1908 1766 licet
1939 1671 1945 1680 ’

283 1839 538 1932 necessaria
556 1841 635 1954 sit,
670 1839 973 1964 multumque
1001 1841 1090 1932 hac
1117 1842 1190 1932 via
1216 1838 1503 1968 physiologia
1531 1841 1796 1966 profecerit,
1829 1872 1908 1938 me
2002 1963 2004 1970 Ι

284 2027 445 2100 tamen
461 2038 598 2132 saepe
617 2009 863 2116 deterruit;
893 2040 980 2102 nec
999 2042 1216 2132 unquam
1233 2010 1570 2126 vivisectiones,
1591 2043 1706 2136 quas
1724 2012 1908 2126 dicunt,

283 2209 360 2268 me
378 2197 634 2301 patronum
653 2209 708 2268 ac
726 2175 1020 2273 laudatorem
1042 2179 1302 2312 habebunt.
1371 2183 1549 2274 Verum
1571 2203 1618 2273 et
1636 2182 1908 2294 Annonam,

281 2347 366 2440 Vir
398 2347 714 2462 doctissimuS,
753 2378 813 2441 ne
851 2349 1070 2442 animum
1100 2348 1373 2474 abjicerem,
1410 2383 1487 2442 me
1525 2383 1661 2477 saepe
1695 2352 1908 2443 hortatus

283 2538 369 2628 est,
405 2538 451 2609 et
471 2518 786 2641 experimenta
808 2518 906 2643 ipsa
931 2519 1126 2611 tandem
1148 2519 1195 2610 id
1225 2520 1355 2640 quod
1375 2520 1635 2615 rationibus
1661 2517 1720 2612 ab
1748 2541 1908 2610 anato-

283 2687 378 2777 mia
400 2707 447 2778 et
471 2688 822 2813 comparatione
842 2685 1046 2780 aliorum
1074 2719 1327 2780 nervorum
1349 2689 1525 2814 petitis,
1563 2687 1908 2802 intellexeram,

194 2957 197 2964 ,
282 2887 428 2977 quam
448 2889 554 2948 vera
574 2878 691 2950 esset
718 2856 796 2949 illa
818 2857 1074 2970 sententia,
1100 2855 1421 2981 probaverunt
1430 2893 1441 2961 ;
1489 2856 1552 2948 ita
1580 2877 1635 2948 ut
1659 2856 1761 2982 jure
1789 2855 1922 2948 mihi.

282 3023 460 3118 viderer
476 3026 593 3120 haec
609 3058 745 3153 posse
766 3028 816 3120 in
839 3009 1054 3121 medium
1074 3027 1306 3151 proferre:
1376 3062 1380 3073 ·

389 3193 614 3311 „Nervus
633 3193 949 3294 Accessorius
975 3195 1054 3292 W
1046 3225 1220 3290 rrrrsrr
1238 3213 1306 3286 est
1325 3223 1497 3288 nervus
1516 3197 1742 3288 motorius
1768 3216 1910 3327 atque

281 3359 479 3456 eandem
506 3363 646 3459 habet
676 3371 908 3463 rationem
933 3365 1002 3460 ad
1017 3397 1222 3461 ‘nervum
1253 3365 1470 3494 Vagam,
1507 3365 1592 3493 qui
1612 3359 1915 3460 sensibilitati

279 3527 568 3626 solummodo
580 3555 794 3666 praeest,
830 3567 974 3665 quam
1002 3536 1166 3625 antica
1187 3531 1335 3624 radia
1353 3533 1490 3626 nervi
1505 3531 1709 3664 spinalis
1736 3533 1805 3628 ad
1823 3569 1910 3668 po·

281 3705 460 3796 sticam.
519 3701 687 3799 Omnis
705 3707 845 3799 motio
872 3705 951 3840 citi
970 3704 1145 3832 Vagus
1159 3735 1385 3833 praeesse
1407 3700 1588 3796 videtur
1613 3699 1677 3798 ab
1696 3701 1782 3798 illa
1796 3738 1910 3835 por-

283 3873 407 3963 tione
433 3869 730 3988 Accessorii‚
767 3905 891 4004 quaa
917 3871 986 3966 ad
1010 3875 1069 3966 V
1060 3903 1208 4002 agum
1236 3866 1435 3985 accedit,
1469 3869 1677 3992 efficitur.
1736 3872 1910 4004 Itaque
1942 3909 1944 3914 ·

285 4073 377 4135 voa
395 4074 597 4172 quoque,
624 4046 720 4137 sive
744 4039 1063 4138 musculorum
1091 4039 1320 4170 laryngis
1346 4058 1390 4130 ct
1408 4033 1620 4172 glottidis
1649 4061 1819 4157 motus,
1845 4039 1909 4136 ab

281 4206 567 4304 Accessorio
588 4210 785 4342 pendet;
828 4233 873 4308 et
892 4245 945 4342 ao
965 4214 1151 4305 nominc
1171 4206 1486 4332 Accessorias
1510 4243 1683 4305 nervus
1711 4212 1771 4306 V
1761 4209 1910 4308 ocalis

285 4383 450 4476 vocari
469 4399 637 4512 potest.
711 4383 928 4515 Denique
946 4379 1004 4477 A
1005 4383 1261 4478 ccesso'rius
1288 4413 1383 4472 non
1412 4399 1462 4472 ut
1486 4374 1550 4472 ab
1569 4375 1782 4474 omnibus
1809 4401 1908 4474 tra-

280 4549 431 4665 ditur,
460 4547 748 4648 solummodo
778 4553 827 4642 iu
862 4549 1100 4646 bominum
1127 4571 1172 4644 et
1196 4547 1541 4663 mammalium,
1580 4546 1831 4644 sedetiam
1858 4554 1907 4644 ia

282 4723 461 4836 avium,
496 4716 846 4852 amphibiorum
880 4741 923 4814 et
935 4723 1159 4848 fortasse
1179 4718 1383 4850 piscium
1412 4750 1595 4848 quoque
1631 4715 1909 4851 corporibus

281 4891 563 4982 invenitur.’·’

395 5061 559 5181 ltaque
584 5057 701 5149 mihi
731 5059 956 5185 proposul
980 5061 1104 5152 hanc
1132 5060 1281 5185 ipsam
1309 5022 1593 5150 sententiam
1621 5057 1909 5182 argumentis

283 5227 535 5356 figurisque
561 5226 804 5323 illustrare.
850 5231 1039 5322 bestat
1069 5247 1124 5320 ut
1148 5247 1288 5320 antea
1317 5225 1441 5320 Viris
1470 5224 1767 5338 doctissimis,
1804 5224 1909 5317 illu·
