4672 6172
1193 753 1310 858 or·
1434 854 1438 865 ,

534 941 584 1020 Ut
608 956 722 1016 umen
745 941 838 1014 banc
866 965 940 1012 rem
964 963 1067 1033 qnam
1091 961 1230 1034 possum
1261 897 1724 1033 accuratissimecxponem,
1755 939 1954 1016 ulteriorem
1977 945 2063 1014 rami

434 1087 646 1162 Accessere·
665 1086 798 1156 externi
818 1086 1002 1156 decursum
1026 1083 1240 1168 describam,
1276 1102 1365 1170 qnae
1389 1102 1445 1152 res
1464 1081 1541 1174 jam
1566 1083 1723 1174 pridem,
1759 1083 1841 1174 quia
1862 1085 1956 1154 nulla
1976 1079 2066 1156 inest

435 1223 637 1311 difficultas,
662 1232 758 1294 recte
776 1224 945 1316 explicata
961 1231 1022 1292 est.
1070 1221 1235 1292 Decurrit
1254 1218 1421 1290 videlicet
1439 1242 1552 1290 ramus
1573 1221 1633 1290 ille
1655 1221 1745 1292 inter
1769 1219 1907 1294 Venum
1915 1221 2066 1320 jugula.

434 1383 512 1434 rem
531 1363 715 1434 internam
739 1371 773 1430 et
789 1357 981 1432 Ameriam
1000 1356 1229 1455 occipitalem
1250 1377 1355 1448 supra
1372 1357 1520 1428 anterius
1540 1359 1627 1430 latus
1647 1355 1753 1450 hujus
1772 1360 1918 1430 arteriae
1938 1361 2065 1430 intror-

434 1523 510 1572 sum
527 1510 563 1571 et
578 1500 613 1570 in
631 1499 827 1589 obliquum,
857 1518 948 1590 pone
966 1497 1157 1567 musculum
1174 1491 1663 1570 Sternocleidomasloideum
1683 1499 1853 1570 deorsum.
1908 1499 2001 1570 Fere
2019 1499 2065 1569 ad

433 1638 541 1732 burins
559 1638 704 1710 musculi
721 1658 916 1730 supremam
933 1644 1068 1727 partem
1086 1635 1224 1746 tertiam
1246 1635 1355 1705 flectit
1371 1653 1446 1706 sese
1468 1643 1658 1707 extrorsum
1676 1644 1711 1704 et
1726 1646 1933 1726 retrorsum,
1956 1647 1992 1708 et
2008 1645 2066 1708 aut

437 1738 927 1848 Sternccle‘idomasloidcwn
941 1772 1116 1866 perfodit,
1140 1783 1198 1844 aut
1213 1777 1371 1866 proxime
1385 1775 1432 1846 ud
1448 1777 1523 1870 ejus
1536 1777 1754 1871 superficiem
1769 1777 1984 1865 interiorem,
2009 1779 2067 1848 cni

435 1917 505 1988 tart
532 1914 696 1988 oeuoloet
724 1915 846 1986 afflans
869 1924 941 2002 est,
976 1914 1159 1984 delabitur.
1206 1913 1279 1983 Sed
1306 1916 1379 1984 sive
1405 1915 1475 1985 lroc
1498 1917 1573 1986 sive
1594 1915 1684 1986 illud
1709 1915 1858 2006 accidit,
1893 1938 1971 1988 cunr
1997 1916 2067 1986 boc

437 2055 593 2124 musculo
615 2052 711 2123 band
739 2063 877 2124 tenuem
901 2074 1034 2122 ramum
1061 2052 1309 2140 communicat,
1340 2055 1402 2145 qui
1420 2055 1508 2125 intra
1529 2055 1623 2127 bunc
1640 2056 1753 2147 ipsum
1771 2057 1962 2128 musculum
1987 2077 2066 2128 curn

389 2289 392 2296 Ι
436 2191 536 2262 libris
557 2191 652 2262 nervi
672 2190 851 2262 cervicalis
868 2189 961 2258 tertii
981 2191 1210 2259 anastomosin
1228 2189 1320 2262 iacit
1374 2194 1513 2264 Relicto
1531 2192 1658 2264 deinde
1679 2196 1835 2266 musculo
1853 2189 2068 2266 Stemccler'·

437 2325 694 2402 domusmidec
715 2331 918 2420 plerumque
946 2329 1135 2400 asecundo
1156 2339 1192 2399 et
1210 2331 1313 2402 tertio
1333 2334 1554 2403 cervicalium
1570 2335 1647 2426 pari
1675 2333 1762 2404 duos
1786 2333 1914 2426 accipit
1935 2353 2066 2416 ramos3

438 2489 509 2559 quo
526 2467 620 2538 iacto
636 2467 745 2537 multo
765 2467 912 2537 crassior
937 2466 1000 2554 lit,
1030 2474 1065 2535 et
1093 2469 1264 2559 superiori
1286 2473 1377 2565 parti
1403 2473 1579 2566 occipitali
1602 2473 1747 2544 musculi
1774 2471 1942 2566 llapcrii
1968 2439 2070 2540 filom'

438 2607 614 2701 impertit,
643 2605 738 2696 qnod
762 2613 892 2676 etcum
911 2627 1007 2675 ramo
1030 2605 1173 2676 secundi
1195 2612 1415 2680 cervicalium
1434 2613 1528 2705 paris
1548 2613 1770 2700 ascendente,
1794 2613 2078 2684 communionem.

440 2747 514 2818 init
562 2747 732 2817 Praeterit
753 2744 883 2815 deinde
901 2745 1093 2815 musculum
1110 2739 1346 2840 Scaprrlarem
1367 2758 1401 2818 et
1415 2749 1475 2818 tilo
1491 2769 1605 2819 crasso
1622 2774 1642 2823 a
1659 2725 1779 2840 quinto
1801 2760 1837 2822 et
1850 2759 1972 2841 quarto
1989 2771 2068 2820 cer-

439 2886 600 2958 ricalium
623 2887 701 2979 pari
725 2895 869 2977 accepto
900 2905 1048 2974 ausaque
1072 2904 1150 2953 cum
1171 2884 1215 2954 iis
1244 2884 1335 2957 iacta
1358 2897 1450 2957 totus
1470 2907 1546 2958 sese
1569 2889 1606 2959 in
1630 2891 1821 2960 musculum
1854 2887 2069 2984 fl'rapeaium

440 3025 616 3096 divaricet
673 3024 870 3095 Permultae
896 2997 1029 3114 eaeque
1055 3023 1330 3095 accuratissimus
1350 3026 1649 3120 praeparationes,
1673 3028 1766 3097 bunc
1784 3048 1917 3097 ramum
1935 3023 2070 3112 Acces-

439 3166 535 3235 sorir'
553 3173 731 3233 externum
746 3164 828 3232 solis
843 3164 1005 3232 musculis
1021 3157 1477 3258 Stemocleidcmastoidco
1494 3172 1530 3234 et
1551 3163 1729 3258 liuperto
1744 3187 1857 3236 ramos
1872 3167 2069 3260 impartire,

441 3302 524 3371 satis
542 3300 745 3394 probantes,
778 3299 977 3370 sententiam
1002 3298 1222 3390 Wrrsnowrr,
1254 3301 1431 3391 Monnorr,
1463 3301 1692 3390 Snnnrrnrur,
1714 3302 1829 3374 Garat
1856 3304 2069 3395 aliorumque

442 3449 657 3528 everterunt,
689 3461 835 3532 quornm
850 3438 1078 3509 Wnrsnowrus
1099 3425 1152 3530 ⁶⁴)
1172 3461 1283 3509 mmos
1306 3439 1352 3508 ad
1373 3441 1546 3511 musculos
1572 3435 1879 3530 Rhomboidcum,
1905 3439 2072 3539 Angula-

443 3601 519 3651 rem
538 3591 573 3652 et
590 3575 826 3676 Conrplcxnm
842 3589 876 3650 et
893 3580 939 3649 ad
957 3581 1038 3651 colli
1054 3580 1235 3673 glandulas
1253 3585 1435 3667 cutemque
1453 3577 1497 3645 ab
1512 3577 1582 3649 boc
1593 3599 1689 3648 ramo
1707 3589 1846 3650 externo
1861 3578 2072 3651 Accesscrir'

443 3720 583 3790 emissos
602 3740 678 3791 sese
694 3719 782 3788 dixit
800 3717 941 3788 vidisse.
990 3717 1175 3786 Morncrus
1193 3705 1249 3807 ⁶⁵)
1267 3711 1543 3806 thnrbor'deo,
1563 3717 1743 3788 ssorum
1764 3707 1818 3811 ⁶⁶)
1832 3741 1916 3789 vero
1933 3721 2071 3790 omnino

442 3859 604 3929 musculis
621 3858 722 3947 colli,
749 3855 888 3927 Gnaeo
909 3846 964 3947 ⁶⁷)
982 3855 1133 3945 denique
1151 3838 1306 3926 musculo
1327 3850 1521 3952 Scapulari
1537 3880 1677 3950 quoqne
1696 3879 1807 3928 ramos
1825 3859 1988 3952 impertit
2011 3949 2017 3960 ἱ

1185 4091 1329 4193 ow·
1472 4177 1478 4190 .

540 4281 615 4353 Sed
630 4293 668 4351 nt
682 4281 890 4351 anatomicos
908 4280 1133 4373 descriptioni
1149 4279 1256 4373 bajus
1277 4280 1390 4368 nervi,
1415 4280 1476 4370 qui
1496 4288 1547 4350 est
1563 4282 1598 4351 in
1614 4304 1762 4377 corpore
1780 4283 1949 4367 bumano,
1965 4276 2074 4351 linem

442 4423 635 4515 imponam,
658 4423 943 4493 Wmerowmuna
965 4409 1020 4512 ⁶⁸)
1050 4422 1237 4492 sententiae
1266 4426 1422 4511 superest
1455 4427 1494 4488 nt
1516 4421 1720 4492 mentionem
1741 4419 1883 4503 luciam,
1915 4417 1976 4507 qui
1995 4418 2075 4510 opi-

443 4568 617 4631 natusest
645 4560 903 4658 Accesscrium
933 4560 1024 4631 intra
1050 4523 1204 4633 crodium
1240 4571 1275 4634 et
1302 4559 1496 4630 columnam
1522 4559 1749 4631 vertebralem
1787 4576 1866 4625 cnm
1898 4555 2076 4628 radicibus

405 4835 407 4844 ,
475 4773 873 4868 conmunire

476 4907 527 4976 ec)
543 4909 646 4964 btonuo
661 4906 724 4965 'l'lrc
739 4912 870 4977 anatnmy
886 4906 917 4960 ol
931 4907 980 4960 tlre
995 4905 1097 4962 bamur
1115 4907 1196 4962 ucria

477 5013 527 5082 eo)
544 5016 681 5074 surm
696 5017 842 5076 amomo
857 5017 991 5087 sompno
1006 5017 1040 5073 r.
1055 5016 1090 5071 m

477 5123 528 5192 dl)
544 5125 620 5182 tim
635 5127 655 5179 b
670 5127 691 5180 b
707 5143 734 5196 p.
750 5127 795 5182 w.

477 5227 529 5300 bb)
544 5232 684 5288 Ἤπειον
700 5233 720 5288 1.
735 5233 754 5288 l.
769 5252 796 5304 p.
811 5231 871 5290 m
