4672 6172
261 821 399 916 ialnuc
417 842 491 890 rem
506 839 672 890 sumnam
695 837 837 912 operam
854 822 890 886 et
903 833 1021 887 curam
1037 812 1205 904 impendi.
1260 811 1367 884 Nervi
1388 814 1479 930 araim
1499 811 1619 912 Vapi,
1642 816 1700 890 cui
1715 813 1894 892 Accam

259 965 378 1050 edun,
417 961 448 1032 si
474 959 629 1046 adesset,
667 957 825 1048 proxima
854 955 958 1026 situm
989 973 1063 1026 essa
1097 953 1254 1044 opinatus
1279 975 1392 1040 mana,
1424 963 1538 1033 tantm
1562 965 1641 1031 aaut
1665 958 1892 1050 praeparandi

260 1103 499 1186 dilllcultales,
538 1097 741 1190 praesertim
769 1096 805 1166 in
829 1094 971 1182 auibus,
1004 1093 1039 1164 in
1060 1093 1289 1187 quibuspars
1313 1092 1390 1188 ejus
1415 1094 1602 1188 cepbabca
1620 1105 1691 1172 tnta
1717 1098 1754 1170 in
1782 1099 1892 1176 eupli

258 1262 356 1314 aneo
374 1237 566 1330 etquidem
585 1235 768 1306 durissime
790 1231 919 1307 inclusa
940 1239 1008 1317 est,
1033 1239 1072 1302 ut
1085 1253 1330 1323 saepenumero
1347 1255 1419 1306 rern
1441 1234 1488 1302 ad
1506 1235 1609 1307 finem
1625 1235 1773 1328 perdum
1790 1251 1892 1328 patae

260 1380 489 1472 desperarem.
537 1375 673 1446 Eadem
688 1372 798 1444 nacdc‘
816 1371 943 1446 frustra
968 1369 1030 1442 din
1054 1370 1088 1441 in
1113 1372 1261 1464 piscium
1287 1373 1432 1446 cerebra
1457 1384 1495 1444 et
1516 1345 1631 1447 nervis
1647 1356 1892 1468 praeparandis

259 1541 399 1612 eperum
411 1514 588 1608 impendi,
603 1535 682 1586 curn
699 1523 734 1584 ct
751 1512 951 1585 mollissima
964 1511 1052 1598 sint,
1070 1521 1104 1582 et
1118 1513 1165 1582 nb
1180 1533 1324 1588 massana
1341 1513 1436 1612 illam
1452 1503 1891 1608 galatinnan-vaacnlnmra,

259 1682 346 1750 quae
362 1655 546 1728 cerebrum
560 1653 777 1740 circumdat,
800 1661 1006 1744 praeparatu
1027 1651 1242 1722 difficillima.
1291 1649 1492 1743 rlrnpbibiis
1507 1652 1624 1746 parvis
1642 1653 1890 1738 tantammodo,

259 1819 347 1888 qaae
362 1795 457 1888 apud
471 1815 532 1868 nna
547 1792 784 1878 inveniuntur,
800 1790 847 1860 ad
863 1790 1138 1886 praeparandum
1154 1790 1253 1862 initio
1267 1811 1347 1864 naua
1361 1812 1459 1876 sum,
1482 1790 1519 1860 in
1534 1753 1662 1880 quibus
1673 1790 1719 1860 cb
1733 1808 1891 1885 magam

258 1936 411 2028 partiam
425 1933 644 2031 exiguitatem
666 1931 715 2012 nil
736 1929 893 2002 invenire
911 1929 1020 2032 putul.
1079 1927 1239 2000 Tandem
1264 1929 1373 2000 multn
1396 1939 1551 2036 ternpore
1575 1929 1614 2000 iu
1630 1930 1892 2020 praeparatione

259 2080 434 2144 consumto
440 2095 459 2160 ,⁴
480 2071 631 2162 primurn
650 2068 687 2138 in
705 2067 819 2160 capite
835 2066 991 2140 anserino
1012 2064 1070 2136 fita
1092 2066 1229 2154 detexi,
1258 2087 1345 2158 quae
1364 2079 1483 2160 aperte
1503 2068 1680 2144 radicibus
1703 2068 1801 2144 uerti
1816 2064 1891 2146 Ac*

259 2212 428 2298 cesserit,
462 2210 591 2300 quirat
611 2207 647 2278 in
668 2205 898 2282 mammaliuur
916 2204 1136 2300 cerporibus,
1170 2209 1446 2298 resplendebant,
1480 2219 1514 2280 et
1541 2219 1783 2282 cmaenserunt
1802 2209 1890 2285 nihi

258 2349 335 2418 Viri
359 2348 561 2434 clarissimi,
592 2345 721 2436 quibua
744 2367 818 2416 rem
838 2344 1089 2430 demonstravi,
1124 2345 1376 2418 Truamrarnne
1406 2355 1442 2418 ct
1467 2349 1658 2420 Anaenuus.
1718 2347 1815 2435 ane
1833 2351 1890 2420 ln*

258 2499 357 2562 venta
381 2492 460 2560 curn
478 2491 625 2562 animum
644 2509 759 2560 meum
784 2489 977 2579 erigerent,
1013 2485 1101 2558 viana
1121 2507 1190 2572 qua
1203 2484 1383 2573 bucusque
1400 2487 1576 2580 ingressus
1591 2507 1684 2560 erata
1700 2507 1891 2579 perema-

259 2637 315 2700 tus
335 2652 401 2702 non
418 2629 531 2702 sclurn
547 2627 584 2698 in
599 2626 757 2698 omnibns
774 2624 943 2717 majoram
960 2625 1073 2697 avium
1091 2623 1295 2714 cerporibus
1315 2623 1451 2728 radices
1472 2624 1551 2694 illae
1563 2623 1793 2712 Maeonii,
1824 2624 1890 2706 aad

259 2769 359 2838 etiam
381 2769 417 2836 in
439 2767 594 2859 piscibus
612 2765 771 2858 pluribus
790 2763 887 2838 illum
910 2787 1052 2839 nervum
1070 2764 1203 2851 inveni,
1232 2787 1336 2854 quern
1351 2764 1492 2840 werra
1506 2765 1638 2857 priuatas
1654 2775 1689 2842 et
1705 2765 1891 2860 descripsit

258 2924 292 2988 et
309 2910 565 2984 Accessorinm
580 2907 774 2982 neminavit
823 2909 984 2999 Denique
999 2927 1130 2982 summ
1142 2903 1365 2980 ‘neumam
1385 2913 1419 2978 el
1433 2903 1604 2992 Manena,
1627 2903 1793 2978 Virorum
1806 2905 1891 2978 itta-

257 3053 521 3137 altissimorum,
559 3049 795 3124 benevolentia
823 3050 924 3142 plura
951 3046 1120 3139 nanjurum
1145 3023 1401 3136 amphibiorum
1427 3066 1565 3134 qnoque
1595 3063 1743 3134 carpere
1770 3052 1892 3118 nactas

257 3212 352 3277 anm,
377 3191 413 3264 in
437 3187 563 3280 quibus
587 3189 746 3262 omuibus
772 3185 985 3266 Accessnrii
1009 3185 1143 3258 radices
1168 3183 1294 3256 detexi.

999 3417 1033 3514 ς.
1083 3420 1142 3490 ra.
1240 3420 1243 3428 ¹

356 3609 487 3681 Verum
509 3615 691 3696 antequem
715 3602 990 3690 Accessoriaam,
1025 3597 1084 3690 qul
1109 3607 1161 3673 cst
1190 3599 1225 3669 in
1252 3599 1399 3694 siugulis
1426 3599 1625 3674 animalium
1643 3599 1889 3670 renabralimn

256 3745 442 3831 classibus,
472 3743 685 3828 describam,
714 3743 751 3812 in
769 3741 964 3814 uuiversum
981 3739 1253 3816 animadvertere
1272 3739 1369 3814 haud
1388 3740 1655 3832 inopportunum
1676 3741 1761 3826 erit,
1789 3745 1886 3828 'quas

256 3893 290 3956 et
305 3882 352 3949 ad
372 3904 512 3954 narrum
524 3881 768 3954 inveniendum
789 3881 884 3950 etad
901 3878 1036 3948 facilius
1056 3875 1359 3969 cognoscendum,
1377 3877 1496 3976 ,quatis
1518 3876 1578 3947 ille
1596 3878 1660 3962 ait,
1686 3877 1757 3950 sint
1772 3875 1885 3948 ardu·-

254 4021 349 4092 simu.
406 4019 542 4092 Etenim
565 4017 803 4092 aimammalia
816 4017 888 4086 sula
904 4023 1061 4106 spectas,
1085 4017 1282 4092 inhumane
1301 4017 1441 4106 quidem
1457 4037 1603 4109 corpere
1625 4015 1885 4105 Accessortan

256 4156 319 4228 etsi
338 4157 497 4228 crassiori
511 4157 661 4245 quodam
673 4158 732 4226 lila
747 4153 937 4226 arctissime
954 4163 1005 4227 est
1023 4149 1068 4224 V
1061 4175 1136 4250 ugo
1157 4151 1375 4245 conjunctus,
1399 4163 1468 4225 tam
1484 4163 1604 4247 aperta
1618 4165 1733 4228 tamma
1752 4156 1797 4226 ab
1814 4154 1885 4226 lanc

255 4318 360 4368 nervo
381 4306 499 4370 natura
518 4305 571 4366 est
588 4307 781 4388 separatus,
805 4305 843 4364 ut
858 4294 961 4364 laclia
973 4293 1018 4364 ab
1034 4315 1076 4364 eu
1089 4293 1220 4366 secerni
1239 4303 1274 4364 at
1283 4291 1366 4385 jure
1379 4293 1565 4384 peculiaria
1578 4315 1702 4366 narras
1717 4293 1883 4364 naminari

254 4435 380 4526 pnssit;
420 4435 454 4503 in
470 4433 585 4506 multis
606 4443 719 4504 auten
735 4433 981 4526 mammalibua
1001 4443 1071 4506 tam
1084 4431 1226 4525 junctas
1247 4445 1420 4522 nexusque
1444 4429 1554 4530 Vaga
1576 4443 1737 4526 apparet,
1761 4443 1800 4502 ut
1815 4409 1889 4504 nnn
1961 4395 1967 4410 ⁸

255 4573 358 4644 nanda
374 4599 481 4670 aegre
495 4575 540 4646 ab
556 4597 598 4644 en
618 4573 784 4668 distingui
798 4575 933 4666 »pcaalt,
965 4575 1029 4646 sad
1049 4573 1152 4647 etiam
1168 4571 1205 4640 ln
1223 4571 1394 4646 nonnullis
1413 4593 1532 4644 euram
1548 4593 1650 4642 uuum
1668 4591 1748 4642 carn
1771 4567 1881 4668 Vaga

256 4733 398 4782 ιιιιιιιιιιι
422 4715 561 4786 efficere
585 4713 753 4787 videatur.
811 4711 921 4784 Simul
945 4731 1125 4804 supremae
1151 4707 1364 4784 Accnrorte
1387 4711 1542 4798 radicas,
1576 4733 1661 4802 quaa
1680 4712 1717 4780 in
1736 4733 1881 4804 carpere

252 4850 405 4920 hnmano
423 4861 567 4939 quatuor
586 4851 708 4922 videre
727 4851 826 4940 licet,
851 4873 940 4942 quaa
954 4852 1052 4944 ipsae
1071 4851 1251 4927 bifurcatis
1266 4849 1432 4924 radiculis
1453 4861 1557 4946 atque
1573 4861 1693 4944 aperte
1706 4859 1882 4944 separatae

254 4991 387 5062 anarai
407 4987 452 5060 V
444 4993 509 5086 ugr'
527 4993 702 5062 radicibus
719 5017 739 5064 a
758 4993 909 5064 medulla
926 4993 1112 5086 oblongas
1128 4990 1301 5076 oriuntur,
1335 4987 1430 5081 apud
1449 4990 1599 5081 plurima
1621 4987 1820 5060 mamuralia
1833 4989 1881 5058 ita

255 5130 432 5204 radicibus
453 5125 499 5200 V
490 5131 555 5225 agi
575 5134 874 5225 appropinquant,
898 5143 936 5202 ut
953 5155 1060 5226 aegre
1075 5143 1296 5222 utrarumque
1312 5132 1398 5204 lluea
1417 5130 1642 5217 determines,
1667 5131 1881 5221 maximaque

254 5271 430 5342 nculnrarrn
445 5270 619 5362 animique
631 5276 812 5351 attentione
827 5295 913 5367 opas
927 5275 991 5362 sit,
1015 5273 1045 5349 ai
1060 5253 1147 5364 qaae
1163 5272 1210 5346 ad
1226 5270 1391 5368 Vagam,
1417 5291 1549 5362 quaeve
1564 5273 1609 5344 ad
1624 5270 1878 5355 Accesseran-
