4672 6172
342 830 383 902 ln
402 837 496 902 ιιιιιι
516 829 717 926 opinionum
735 774 936 904 diversitate
960 826 1036 924 ipse
1055 820 1142 922 qnid
1158 841 1277 896 verum
1296 825 1359 915 sit,
1394 825 1589 918 inquirere,
1621 848 1758 901 mecum
1773 830 1892 921 ιιιιιιι,

256 969 553 1062 plurimorumque
580 969 641 1059 qni
661 969 696 1040 in
716 968 840 1039 nostris
856 969 1056 1040 fluminibus
1075 963 1208 1059 degunt
1229 965 1378 1060 piscium
1401 966 1606 1059 corporibus
1633 967 1824 1063 indagatis,
1858 979 1893 1040 et

253 1129 404 1180 ,nervum
417 1108 514 1177 illum
526 1102 753 1193 lateralem,
768 1107 828 1196 qui
845 1115 897 1178 est
911 1107 947 1175 in
962 1105 1123 1176 omnibus
1140 1105 1313 1197 piscibus,
1329 1105 1470 1175 etillum
1480 1105 1669 1176 aWnnsno
1679 1106 1892 1200 descriptum

256 1266 400 1316 nervum
414 1267 480 1316 non
492 1243 603 1316 solum
620 1243 653 1314 in
669 1239 832 1373 Cypriae
848 1239 1050 1340 Car-plone,
1070 1246 1134 1316 aed
1150 1246 1252 1316 ctiam
1268 1247 1303 1316 in
1322 1248 1482 1318 omnibus
1495 1257 1632 1342 egente
1645 1244 1891 1346 Cyprinonun

254 1384 410 1475 piscibus
421 1383 542 1454 inueni.
566 1380 607 1450 ιιι
621 1383 746 1452 ceteris
760 1381 908 1476 piscium
922 1383 1112 1478 generibus
1126 1408 1169 1458 ne
1185 1384 1370 1480 vestigium
1384 1386 1526 1476 quidem
1542 1385 1647 1481 bujus
1656 1389 1752 1458 nervi
1765 1389 1889 1459 inveni.

225 1495 230 1506 ’
254 1520 457 1610 Priusquam
478 1541 561 1591 vero
580 1519 667 1610 quid
684 1519 822 1592 omnino
839 1519 885 1590 de
904 1518 972 1594 hac
990 1543 1030 1592 re
1053 1523 1220 1612 sentiam,
1244 1522 1407 1613 afferam,
1432 1547 1571 1600 nervum
1589 1525 1688 1596 ιιιιιιιι
1710 1523 1890 1622 Cyprino·

253 1679 333 1728 rum
354 1662 544 1746 accuratius
567 1661 782 1750 describam,
819 1661 900 1752 quia
924 1671 960 1731 et
982 1684 1059 1731 mea
1085 1662 1275 1755 descriptio
1294 1663 1506 1754 aliquantum
1537 1664 1730 1735 awanam
1756 1665 1890 1738 diversa

253 1808 321 1886 est,
347 1808 382 1870 et
396 1799 458 1868 illa
477 1799 522 1870 de
537 1800 673 1871 duobus
687 1800 923 1871 tantummodo
938 1801 1093 1893 piscibus
1111 1801 1193 1894 egit

351 1939 477 2010 Narrat
493 1939 584 2010 enim
600 1942 739 2012 Wnnn
756 1942 779 2010 ι.
795 1941 818 2010 ι.
834 1936 1092 2013 Accessorium
1117 1934 1273 2035 Cyprini
1294 1933 1491 2032 Carpionis
1513 1913 1624 2012 tribus
1649 1941 1731 2010 oriri
1756 1941 1886 2012 radici-

252 2076 339 2164 bus,
372 2098 516 2167 qnarum
542 2099 606 2146 una
629 2085 681 2147 ιιι
707 2098 830 2172 magna
850 2079 1008 2149 veniale
1033 2076 1265 2175 (lligemino,
1304 2088 1339 2147 et
1363 2077 1549 2149 decurrens
1573 2079 1639 2149 snb
1665 2074 1887 2169 Auditorio,

252 2213 453 2288 Auditorio
481 2219 688 2289 accessorio
718 2228 753 2288 et
781 2215 912 2317 Vago,
944 2229 1038 2290 retro
1067 2216 1114 2285 ad
1141 2218 1294 2286 foramen
1318 2216 1460 2286 laternle
1488 2237 1526 2288 sc
1553 2217 1726 2306 conferat,
1765 2219 1886 2310 ibique

252 2375 331 2424 eum
347 2355 482 2425 duabue
498 2357 614 2428 alteris
635 2357 811 2427 radicibus
831 2355 1031 2450 sejungat,
1057 2379 1203 2447 quornm
1222 2358 1329 2428 altera
1348 2378 1392 2427 ex
1410 2357 1561 2452 postica,
1587 2358 1696 2427 altera
1715 2381 1758 2428 ex
1773 2360 1885 2429 antica

250 2502 350 2585 purte
370 2495 542 2564 medullae
557 2496 763 2588 oblongatae
783 2496 953 2590 originem
972 2497 1084 2567 ducat.
1142 2495 1277 2564 Horum
1294 2516 1477 2564 nervorum
1501 2516 1528 2564 ι
1548 2495 1705 2564 radicum
1726 2497 1884 2566 confluxu

251 2635 418 2729 ganglion
431 2637 614 2708 maximum
628 2637 737 2724 oriri,
747 2636 841 2726 quod
853 2658 993 2707 nervum
1008 2633 1225 2706 membranae
1240 2633 1470 2722 bronchialis,
1485 2655 1548 2726 per
1562 2632 1714 2705 foramen
1722 2656 1884 2729 magnum

251 2773 393 2844 laterale
410 2775 496 2846 oseis
513 2775 673 2868 occipitia
697 2784 894 2864 exeuntem,
918 2775 1052 2846 reddat
1083 2811 1134 2827 -
1169 2773 1272 2843 Hunc
1294 2775 1406 2866 ipsum
1432 2796 1572 2844 neruum
1597 2797 1665 2868 ego
1688 2797 1826 2868 quoque
1851 2777 1887 2846 in

255 2906 418 3008 Cypriae
447 2909 632 3009 Carpione
656 2913 768 3005 (Tnb.
785 2913 847 2982 Vl.
863 2911 945 3008 Fig.
961 2914 1012 3006 ι)
1038 2912 1236 3002 observavi,
1268 2912 1332 2984 aed
1354 2913 1532 3005 paululum
1555 2913 1729 2984 diversum
1754 2915 1799 2983 ab
1818 2914 1886 2987 buc

249 3051 402 3122 Wsnnnr
419 3053 660 3149 descriptione
717 3053 841 3124 Oritur
859 3055 948 3128 enim
968 3055 1030 3124 bic
1046 3073 1170 3122 nervus
1188 3074 1256 3122 non
1274 3052 1385 3122 solum
1406 3053 1517 3122 tribus
1537 3053 1732 3141 radicibus,
1767 3062 1805 3124 ut
1823 3054 1885 3124 ille

250 3189 377 3277 refert,
401 3191 464 3262 sed
479 3203 641 3284 quatuor,
665 3215 809 3284 quarmn
825 3194 938 3287 prima
955 3191 1145 3283 eademque
1158 3191 1304 3260 maxima
1321 3191 1380 3283 (b)
1400 3215 1421 3261 e
1437 3192 1581 3286 ganglio
1606 3192 1809 3290 iligemim'
1824 3193 1884 3288 (e)

251 3326 368 3396 oritur.
417 3327 578 3399 Secunda
596 3329 667 3423 (Ἰ)
687 3341 746 3400 aut
762 3333 836 3424 ipsa
857 3331 967 3401 oritur
985 3353 1005 3400 e
1028 3305 1230 3426 Trig‘emini
1247 3329 1392 3423 ganglio
1407 3339 1452 3434 Ιιι
1471 3351 1604 3399 ramum
1624 3326 1697 3423 (5)
1717 3333 1821 3400 mittit
1840 3331 1885 3402 ad

255 3463 401 3564 Vagam
409 3493 424 3554 ,·
460 3480 520 3540 aut
534 3492 648 3540 ramus
665 3479 717 3541 est
737 3470 886 3558 radicis,
918 3493 1022 3560 quam
1049 3467 1278 3562 Trt'geminus
1298 3463 1513 3563 aqugnm
1532 3468 1702 3562 porrigit3
1733 3468 1773 3539 id
1790 3470 1885 3561 qnod

251 3608 414 3698 equidem
435 3633 500 3681 non
516 3612 709 3683 decernam.
760 3610 893 3682 Ambae
914 3609 982 3680 bae
1002 3607 1138 3678 radices
1159 3605 1385 3694 aequabiliter
1402 3606 1531 3696 ubique
1547 3608 1637 3678 inter
1652 3630 1689 3678 se
1706 3607 1883 3698 distantes,

248 3747 313 3816 snb
330 3744 552 3836 Auditorio,
575 3747 776 3823 Auditorio
793 3751 1002 3824 accessorio
1022 3759 1058 3820 et
1077 3740 1123 3813 V
1115 3763 1189 3840 ugo
1208 3753 1302 3813 retro
1321 3743 1368 3812 ad
1386 3721 1540 3815 foramen
1558 3747 1698 3816 laternle
1717 3767 1882 3840 maguum

248 3883 334 3954 oseis
353 3888 511 3978 occipitis
532 3889 695 3976 tendunt,
727 3888 848 3978 ibique
867 3909 946 3963 cum
970 3887 1103 3956 duabus
1125 3885 1269 3978 posticis
1289 3883 1466 3955 radicibus
1485 3885 1703 3979 junguntur,
1736 3908 1882 3975 quarum

248 4023 352 4112 paulo
368 4024 517 4093 anterior
536 4027 725 4116 eodemque
741 4027 888 4096 crassior
909 4023 979 4117 (8)
998 4024 1044 4092 ab
1060 4023 1198 4110 enticis,
1223 4023 1395 4114 posterior
1414 4023 1619 4114 tenuiorque
1638 4019 1709 4116 (9)
1729 4047 1749 4093 ι
1770 4027 1880 4118 posti-

249 4163 300 4234 cis
318 4161 489 4233 medullae
507 4163 713 4259 oblongatae
729 4165 801 4259 (ι)
820 4166 929 4260 virgis
949 4165 1067 4236 oritur.
1116 4159 1170 4230 Eo
1188 4161 1282 4248 loco,
1308 4181 1375 4250 quc
1394 4159 1461 4231 bae
1477 4169 1623 4251 quatuor
1640 4165 1776 4233 radices
1798 4185 1880 4235 con·

248 4305 406 4392 veniunt,
443 4327 559 4374 aarum
580 4273 738 4378 confluxu
758 4318 811 4378 sat
828 4329 961 4378 crassus
982 4322 1107 4378 nervus
1128 4299 1226 4393 (ιθ)
1242 4302 1383 4389 oritur,
1419 4304 1455 4371 in
1475 4303 1575 4396 cujus
1592 4305 1776 4396 superficie
1799 4329 1883 4400 gan·

250 4442 347 4536 glion
373 4441 471 4535 (ιι)
497 4443 689 4537 reperitur,
724 4446 817 4536 qnod
843 4469 908 4516 non
932 4469 974 4517 ex
998 4444 1157 4516 omnibus
1182 4444 1240 4514 bis
1262 4445 1457 4532 radicibus,
1489 4447 1552 4514 sed
1572 4468 1593 4513 a
1613 4447 1726 4538 prima
1745 4447 1882 4536 radice,

251 4601 339 4669 quae
358 4603 380 4650 a
400 4579 629 4679 Iligemino,
661 4591 696 4652 ct
713 4593 893 4671 aquantur,
925 4606 1014 4673 quae
1036 4607 1057 4652 a
1079 4581 1213 4674 postica
1239 4582 1411 4652 medullae
1436 4583 1643 4676 oblongatae
1671 4585 1772 4678 virgo
1800 4607 1883 4678 pro·

215 4783 218 4788 .
249 4717 435 4808 ficiscitur,
458 4721 600 4791 formari
614 4720 770 4809 videtur,
794 4721 877 4790 dum
892 4720 980 4792 dnae
995 4722 1150 4816 reliquae
1164 4721 1319 4810 radices,
1336 4723 1537 4810 accnndaflet
1553 4735 1692 4814 quarta,
1711 4725 1801 4794 inira
1812 4726 1882 4795 boc

249 4856 413 4950 ganglion
434 4857 535 4947 eique
552 4871 647 4930 nacta
666 4859 847 4956 adjunctae
868 4861 1064 4932 decurrunt
1111 4859 1215 4932 Ultra
1229 4861 1299 4930 lucc
1314 4860 1479 4956 ganglion
1496 4859 1564 4932 bae
1582 4872 1727 4952 quatuor
1745 4863 1881 4934 radices

250 5017 351 5066 unum
369 4998 515 5068 formant
533 5021 675 5070 ncrvnm
693 4999 789 5092 (2),
818 5001 878 5090 qui
898 5002 942 5072 ιιι
961 5005 1133 5076 musculos
1151 5007 1277 5101 pinnae
1295 5007 1448 5100 pectoris
1469 5029 1508 5078 sc
1523 5008 1675 5095 confert,
1708 5016 1743 5077 et
1766 5009 1879 5078 statim
1898 5053 1901 5058 -

250 5144 329 5229 post
344 5158 521 5233 egressum
538 5161 558 5210 e
573 5137 740 5212 foramine
752 5141 883 5212 laterali
900 5165 1046 5237 magno,
1071 5146 1158 5218 duos
1178 5170 1303 5240 parvos
1319 5149 1424 5220 mittit
1443 5149 1609 5237 ramulos,
1633 5150 1779 5220 alterum
1796 5147 1879 5240 (lu)

1461 5282 1487 5354 'l
