4646 6168
414 773 654 866 anatomia
675 793 722 864 et
737 769 1027 903 physiologia
1044 770 1181 900 longe
1200 769 1512 886 doctissimos,
1549 768 1858 862 clarissimum
1879 769 2043 862 Treue-

416 941 947 1036 rrxunuuettlnuotuou
968 942 1082 1056 adii,
1099 943 1181 1064 qui
1196 973 1283 1070 pro
1298 972 1485 1033 summa
1502 971 1594 1064 qua
1606 938 2043 1052 sunthumanitate,

417 1132 627 1204 auctores
652 1107 770 1202 mihi
800 1109 1010 1223 fuerunt,
1048 1134 1103 1204 ut
1130 1114 1180 1206 in
1206 1111 1419 1206 Nervam
1437 1106 1774 1204 Accessorr'um
1800 1107 1879 1202 W
1872 1135 2045 1202 rrtrsn

417 1279 677 1372 accuratius
698 1278 1001 1401 inquirerem.
1075 1283 1270 1375 Monuit
1288 1279 1482 1405 quidem
1500 1311 1576 1372 me
1593 1278 1945 1384 Turranium,
1963 1272 2047 1365 Vir

419 1447 780 1560 illustrissimus,
809 1447 932 1540 utin
954 1447 1236 1574 exploranda
1253 1449 1396 1576 hujus
1413 1447 1543 1543 nervi
1562 1468 1753 1560 natura,
1781 1441 2048 1535 anatomiae

421 1639 718 1744 comparatae
748 1615 1049 1742 potissimum
1075 1619 1308 1710 rationem
1335 1617 1584 1730 haberem,
1632 1645 1809 1737 exque
1841 1613 2049 1722 sortasse,

309 1814 314 1823 ’
367 1749 374 1758 ’
423 1819 544 1910 quae
559 1819 665 1879 vera
686 1805 802 1878 esset
823 1783 946 1876 illius
967 1788 1095 1876 nervi
1117 1787 1294 1878 functio
1317 1808 1459 1910 atque
1477 1783 1654 1880 utilitas
1672 1783 1871 1910 perspici
1889 1781 2048 1907 possit.

422 1961 696 2066 Aaronom,
734 1955 819 2048 Vir
848 1956 1162 2070 doctissimus,
1198 1973 1331 2047 tanta
1364 1952 1453 2048 luit
1477 1984 1581 2081 erga
1604 1985 1681 2044 me
1701 1915 2052 2061 benevolentia,

421 2145 479 2216 ut
496 2124 611 2246 quid
628 2123 727 2250 ipse
744 2127 803 2216 de
820 2145 988 2215 natura
1005 2145 1051 2214 et
1067 2124 1310 2216 functione
1325 2121 1468 2248 hujus
1483 2121 1612 2216 nervi
1626 2121 1844 2233 sentiret,
1862 2151 2052 2211 mecum

425 2291 819 2406 communicaret,
856 2313 903 2384 et
921 2325 1040 2417 quae
1063 2293 1289 2385 indefesso
1309 2291 1575 2384 anatomiae
1594 2291 1751 2384 studio
1781 2289 2063 2400 invenisset,

428 2463 546 2554 mihi
569 2461 795 2574 traderet,
830 2483 885 2552 ut
908 2493 983 2576 ea,
1022 2494 1164 2584 quam
1185 2463 1284 2588 ipse
1305 2464 1537 2591 ingressus
1557 2483 1678 2556 essct
1700 2435 1795 2572 ria,
1830 2489 1932 2550 rem
1952 2491 2053 2585 per-

429 2661 670 2754 sequerer,
696 2649 742 2722 et
760 2630 1115 2758 experimentis,
1142 2663 1265 2754 quae
1280 2665 1337 2724 ex
1357 2633 1570 2726 rivorum
1590 2627 1870 2724 animalium
1893 2657 2055 2754 corpo-

431 2799 562 2892 ribus
588 2820 886 2926 caperentur,
925 2799 1295 2924 comprobarem.
1381 2801 1571 2894 Etenim
1610 2833 1666 2892 ex
1702 2795 2056 2917 accuratissimis

431 2999 685 3064 nervomm
701 2965 983 3062 Accerserit
1000 2988 1047 3060 et
1068 2968 1128 3062 V
1117 2969 1207 3100 agi
1221 2969 1656 3096 praeparationibus
1672 2989 1814 3093 atque
1834 3001 1890 3061 ex
1909 2969 2057 3064 causis

431 3138 760 3266 physiologicis
787 3171 815 3228 a
842 3158 1071 3230 structura
1099 3159 1146 3230 et
1179 3139 1357 3266 origine
1391 3119 1564 3232 horum
1595 3169 1851 3236 nervorum
1877 3141 2057 3268 petitis,

433 3309 582 3436 probe
605 3339 703 3400 sese
723 3307 839 3400 dixit
863 3306 1163 3424 intellexisse,
1196 3341 1379 3424 rocem,
1410 3309 1504 3402 sire
1523 3329 1710 3401 motum
1732 3309 2057 3404 musculorum

432 3477 637 3606 laryngis
657 3499 798 3601 atque
817 3475 1043 3604 glottidis,
1069 3509 1169 3570 non
1187 3511 1330 3568 nervo
1352 3479 1402 3568 V
1400 3511 1497 3606 ago
1516 3478 1596 3571 sed
1616 3472 1673 3570 A
1674 3481 1901 3572 coessort'o
1920 3477 2059 3588 effici,

434 3666 577 3770 atque
593 3645 718 3739 hanc
733 3677 868 3738 suam
886 3644 1188 3762 sententiam,
1208 3670 1508 3774 praeparem,
1528 3649 1657 3773 quod
1675 3671 1744 3742 est
1762 3651 1811 3742 in
1830 3647 2060 3742 ditissimo

434 3815 619 3908 theatro
638 3815 906 3908 anatomico
926 3811 1334 3946 Heidelbergcnsi,
1363 3815 1621 3912 illustravit

545 3985 631 4076 Rei
650 3987 834 4078 novitas
859 4009 907 4079 et
926 3989 1052 4110 quod
1077 4017 1177 4080 non
1197 3985 1352 4081 solum
1380 3988 1509 4082 nervi
1527 3985 1808 4084 Accessorir'
1822 3985 1902 4080 sed
1919 3986 2060 4080 etiam

439 4153 579 4284 Vogr'
600 4153 918 4284 physiologiae
946 4155 1111 4250 lumen
1141 4157 1253 4250 inde
1288 4157 1545 4251 elucescere
1576 4157 1846 4270 ridebatur,
1888 4157 1953 4248 ita
1985 4187 2065 4246 me

437 4323 613 4438 allexit,
639 4324 875 4416 utstatim
904 4325 964 4416 ad
993 4357 1110 4452 opus
1136 4323 1342 4452 aggredi,
1368 4326 1548 4450 etquid
1578 4327 1802 4421 inhaere
1823 4327 1917 4418 reri
1946 4345 2066 4418 esset

439 4491 676 4616 inquirere
691 4493 1028 4589 constituerim.
1081 4495 1255 4590 Nactus
1273 4495 1506 4621 frequenti
1526 4497 1856 4592 exercitatione
1873 4491 2065 4586 faculta-

437 4681 534 4754 tem
556 4657 765 4784 aliquam
783 4662 1092 4790 praeparandi
1119 4697 1172 4757 ac
1192 4665 1538 4782 dexteritatem,
1565 4665 1653 4758 hac
1670 4663 1743 4756 via
1770 4664 1983 4792 primurn
2013 4663 2064 4756 in

438 4829 693 4924 bominum
714 4831 1094 4960 animaliumque
1114 4834 1436 4950 cadaveribus,
1454 4869 1553 4928 rem
1575 4833 1866 4962 investigavi3
1889 4831 2066 4926 deinde

441 5031 549 5092 cum
568 5001 622 5094 in
642 5001 739 5094 dies
755 5001 1052 5096 verisimilior
1068 5035 1141 5098 res
1167 5001 1322 5118 fieret,
1355 5006 1498 5098 ctiam
1522 5005 1854 5132 experimentis
1884 5005 1933 5096 in
1954 4999 2067 5094 viris

441 5167 727 5264 animalibus
744 5205 851 5267 eam
868 5167 1070 5303 probare
1097 5174 1280 5290 smdui,
1309 5172 1550 5298 simulque
1570 5173 1688 5298 quid
1712 5173 1957 5298 bucusque
1980 5169 2066 5264 riri
