4672 6172
428 585 479 658 at

429 783 697 858 involuntariae
713 786 901 858 inseruire.
965 779 1093 882 Quare
1106 777 1308 877 putandum
1326 793 1394 872 est,
1423 803 1502 852 cum
1522 777 1646 878 plures
1664 775 1800 852 surutli
1822 792 1856 850 et
1865 773 1997 872 fibrae
2013 775 2062 849 ub

410 937 412 940 ’
431 923 558 998 cadem
574 927 718 1023 origine
735 922 904 996 distincte
916 920 1140 1018 prodeuntes
1156 919 1211 993 ud
1225 920 1390 996 diuersus
1404 935 1532 1018 purtes
1539 917 1737 1016 seruntur,
1761 916 1902 990 isthaec
1918 915 2064 1017 quidem

430 1071 572 1140 viscera
595 1082 629 1138 et
648 1063 828 1155 membru,
853 1061 983 1165 quibus
997 1064 1038 1135 lri
1052 1067 1153 1134 nervi
1169 1067 1393 1150 inseruntur,
1421 1058 1668 1157 particulares
1687 1081 1775 1132 suas
1793 1060 1975 1146 actiones,
2000 1073 2065 1130 aut

430 1221 587 1278 nuturuc
600 1208 788 1293 instinctu,
813 1218 877 1275 uut
890 1206 1104 1301 passionum
1118 1206 1250 1300 impetu
1267 1200 1440 1298 (animali
1453 1205 1597 1274 inter-im
1613 1205 1678 1272 rix
1694 1201 1859 1292 conscio)
1881 1201 2065 1273 excitatas
2083 1247 2087 1252 -

427 1345 617 1445 perficere.
684 1343 913 1446 Quinetiam,
945 1369 1026 1419 urm
1042 1344 1110 1417 ulii
1127 1342 1278 1446 quidam
1298 1348 1401 1417 nerui
1412 1342 1547 1444 procul
1561 1340 1712 1416 oriundi
1736 1343 1821 1414 lruic
1831 1345 1939 1440 paris
1965 1341 2009 1412 V
2002 1348 2066 1442 agi

432 1505 559 1562 trunco
576 1487 769 1578 accedunt,
796 1511 946 1589 cumque
959 1491 1043 1585 ipso
1051 1510 1170 1585 prope
1183 1489 1363 1586 originem
1381 1491 1460 1589 ejus
1476 1489 1760 1575 communicant,
1781 1502 1981 1582 propterea
1996 1487 2067 1558 lroc

362 1655 365 1662 ·
419 1627 517 1722 fieri
534 1626 690 1718 videtur,
714 1643 753 1699 ut
768 1631 871 1699 nervi
885 1631 966 1717 isti,
991 1625 1178 1727 affinitate
1195 1649 1275 1700 cztm
1288 1632 1379 1727 puri
1400 1629 1445 1700 V
1437 1651 1512 1726 ugo
1530 1631 1643 1717 inita,
1669 1630 1709 1697 in
1725 1627 1970 1726 sympathiam
1986 1648 2064 1698 cum

432 1773 513 1868 ipso
530 1793 576 1842 uc
591 1768 848 1868 injunctionis
863 1767 1130 1842 involuntariae
1144 1773 1360 1874 σύμπραξιν
1375 1768 1580 1872 trabuntur.
1631 1765 1715 1839 Hoc
1729 1765 1776 1838 de
1790 1788 1900 1837 nervo
1915 1790 1941 1837 u
1958 1769 2066 1863 spina

432 1913 639 1982 accessorio
663 1925 696 1981 et
720 1909 936 2010 quibusdum
960 1908 1046 1983 uliis
1072 1907 1215 2010 liquido
1241 1925 1403 1998 constat,
1438 1911 1492 1979 uti
1514 1906 1671 2004 inferius
1690 1903 1869 2003 patebit.”
1930 1909 2066 1980 Deinde

432 2055 523 2122 inira
553 2047 608 2146 2),
642 2055 703 2122 nbi
735 2055 780 2123 de
806 2051 1028 2125 Accessorio
1053 2055 1225 2144 loquitnr,
1263 2052 1310 2120 ita
1335 2051 1473 2144 pergit:
1511 2045 1654 2137 „Circa
1679 2047 1788 2148 tujm
1814 2049 1915 2118 nervi
1946 2071 2066 2132 usum,

431 2193 563 2283 inquit,
597 2194 745 2292 ejusque
766 2195 924 2290 originis
940 2191 1137 2264 anomalae
1153 2195 1355 2278 rationem,
1385 2186 1551 2261 adhunc
1572 2185 1718 2258 modum
1741 2189 1924 2287 conjicere
1945 2185 2066 2259 liceat.

431 2329 477 2402 In
496 2346 669 2432 quantum
687 2329 748 2402 ille
766 2329 1023 2421 musculorum,
1058 2336 1122 2433 qui
1136 2333 1289 2403 ceruicis
1306 2345 1340 2400 et
1358 2327 1503 2402 bruclzii
1522 2343 1622 2416 sunt,
1655 2325 1810 2399 motibus
1826 2324 1984 2399 obeundi
2005 2324 2066 2398 de·

432 2477 609 2563 stinuutr,
644 2472 786 2546 idcirco
810 2498 836 2545 a
857 2472 1014 2546 medulla
1035 2472 1174 2571 spinuli
1196 2433 1343 2547 exoriri
1363 2469 1505 2543 debuit:
1541 2467 1643 2571 quod
1662 2492 1747 2542 vero
1771 2491 1847 2540 non
1865 2467 2008 2540 directa
2033 2485 2066 2542 et

428 2617 601 2710 propiori
626 2617 686 2686 riu
715 2616 756 2685 in
776 2617 1007 2712 prouinciam
1031 2636 1136 2686 suum
1159 2613 1331 2715 effertur,
1365 2611 1434 2685 sed
1461 2611 1574 2711 longa
1601 2608 1761 2710 ambage
1789 2609 2068 2701 circumductus,

382 2733 386 2738 ¹
428 2759 645 2858 priusquam
658 2779 774 2852 penso
791 2780 858 2832 suo
878 2761 1101 2857 acciugiutr,
1122 2761 1231 2855 paris
1250 2756 1295 2827 V
1288 2759 1353 2854 agi
1370 2777 1480 2830 nervo
1502 2759 1542 2825 in
1558 2757 1704 2854 origine
1721 2780 1790 2828 sua
1808 2758 2067 2842 communicat,

432 2912 529 2970 certe
544 2897 616 2970 lroc
623 2913 822 2997 propterea
838 2895 997 2987 ridetur,
1021 2913 1059 2971 ut
1073 2921 1203 2971 neruus
1220 2901 1290 2972 iste
1302 2896 1457 2995 spinulis
1473 2902 1514 2969 in
1526 2902 1636 2995 paris
1654 2899 1693 2972 V
1693 2903 1758 2997 ogi
1772 2915 1900 2997 partes
1911 2915 1946 2972 et
1960 2899 2069 2987 τάξιν

432 3044 585 3129 cocina,
598 3033 811 3137 fitnctiouis
830 3054 968 3111 tuntum
989 3037 1257 3113 involuutariue
1279 3057 1383 3114 cottas
1396 3039 1624 3139 perficeret”
1685 3045 1824 3114 Deinde
1842 3045 1965 3130 tradit,
1989 3066 2068 3112 cnm

433 3203 551 3251 omnes
583 3181 767 3251 animantes
796 3183 1023 3252 involuntarie
1056 3185 1184 3253 coitum
1208 3187 1450 3278 cervicemque
1475 3197 1632 3277 movere,
1672 3196 1776 3281 prout
1803 3188 1870 3258 sint
1898 3186 2070 3257 variisne

435 3324 580 3394 diversis
601 3324 851 3416 cupiditatibus
872 3325 1179 3417 affectionibusque
1203 3331 1387 3415 commoti,
1420 3338 1493 3398 tum
1510 3331 1683 3423 imprimis
1703 3330 1879 3400 hominem
1904 3327 2068 3423 cupidum

434 3487 509 3536 esse
527 3466 736 3536 motionibus
752 3467 974 3538 brachiorum
990 3490 1219 3562 manuumque
1241 3471 1345 3543 animi
1361 3491 1480 3540 sensus
1500 3472 1647 3541 celerius
1664 3471 1901 3561 depromendi.
1960 3467 2068 3536 Deni-

433 3629 520 3696 que:
552 3604 772 3697 „Proscct0,
797 3609 924 3698 inquit,
952 3605 1054 3707 quod
1068 3621 1197 3702 partus
1215 3611 1326 3695 istae,
1351 3629 1478 3702 nempe
1497 3605 1653 3684 brachiu
1674 3622 1709 3678 et
1730 3631 1876 3694 munus,
1902 3602 2071 3705 quadan-

434 3764 536 3822 tenus
553 3752 593 3819 in
611 3753 750 3823 cunctis
764 3747 1002 3839 animalibus,
1034 3750 1248 3823 eminentius
1270 3769 1355 3818 uero
1381 3751 1421 3818 in
1444 3748 1592 3822 boariae
1619 3771 1698 3818 cum
1724 3746 1866 3820 cerebri
1893 3765 1929 3822 et
1946 3745 2072 3822 cordis

434 3891 628 3992 effectibus
647 3896 686 3966 in
703 3909 801 3968 motu
814 3918 881 3968 suo
902 3897 957 3966 itu
970 3897 1123 3989 proprie
1136 3896 1366 3988 conspirant,
1391 3896 1430 3966 in
1448 3915 1563 3966 causa
1583 3914 1661 3966 esse
1678 3890 1840 3982 ridentr,
1865 3893 1925 3966 liic
1942 3915 2071 3965 neruus

435 4057 456 4104 e
469 4029 626 4104 medulla
640 4032 776 4130 spinuli
788 4033 843 4105 ad
852 4038 960 4130 paris
979 4033 1024 4104 V
1016 4037 1081 4132 ugi
1096 4036 1277 4132 originem
1291 4032 1490 4120 accedens,
1514 4056 1666 4134 cumque
1678 4037 1801 4106 neruis
1818 4036 1897 4135 ejus
1913 4056 2071 4105 commu·

434 4177 582 4263 nicuns,
607 4169 656 4246 ab
672 4175 1007 4274 iisquefuuctionis
1024 4173 1292 4247 intobtnturiuc
1309 4173 1400 4246 uelut
1418 4189 1593 4246 tesseram
1611 4171 1828 4272 aecipiens.”

533 4318 635 4388 Hanc
651 4319 810 4388 thnrsu
829 4319 876 4387 de
893 4318 962 4388 hoc
977 4341 1081 4388 nervo
1097 4319 1296 4388 sententiam
1317 4319 1401 4411 ipsis
1422 4319 1498 4412 ejus
1515 4320 1631 4389 verbis
1654 4329 1723 4389 tam
1745 4323 1885 4413 copiose
1898 4391 1899 4396 ,
1910 4321 2072 4410 exposui,

435 4467 636 4558 propterea,
669 4459 765 4550 qnod
782 4459 970 4532 anamodo
993 4461 1150 4528 acumine
1167 4461 1324 4547 excellit,
1357 4468 1395 4530 et
1416 4483 1506 4550 quac
1530 4471 1601 4530 tum
1627 4471 1700 4530 eret
1720 4461 1909 4530 anatomiae
1928 4469 1963 4529 et
1978 4459 2071 4552 phy·

436 4603 604 4696 siologiae
630 4605 790 4690 scientia,
828 4627 913 4676 vcra
931 4604 1054 4675 heberi
1079 4604 1219 4690 debuit,
1253 4605 1443 4674 sedetiam
1470 4604 1714 4695 qniaScnarn
1742 4605 1778 4672 in
1805 4603 2072 4695 interpretandis

438 4745 598 4818 thntsu
634 4746 751 4814 verbis
780 4747 1005 4816 vehementer
1036 4707 1180 4832 erravit,
1217 4744 1360 4837 ejusque
1384 4747 1584 4814 sententiam
1608 4746 1642 4813 in
1667 4744 1873 4812 contrariam
1897 4745 2071 4815 contorsit.

439 4882 579 4956 &aare
609 4880 645 4977 3)
684 4887 773 4956 enim
808 4887 964 4979 opinatus
994 4895 1062 4971 eet,
1104 4885 1152 4953 ite
1182 4883 1338 4954 statuisse
1371 4883 1584 4971 Wmmsluu,
1626 4887 1828 4955 anastomosi
1860 4882 2073 4956 Accessnrii

469 5165 873 5250 x2)Wrrmrnmrl.i.p.8i)4.

489 5272 834 5346 8)Sctnral.i.p.412.
928 5337 933 5344 ,
