4678 6170
255 833 491 906 discinderem.
553 830 674 904 Omnis
695 850 802 924 opere
823 842 862 902 ut
882 829 1126 902 Acceesorios
1143 831 1257 902 eltiori
1277 832 1356 901 loco
1381 831 1588 903 dissecerem
1620 833 1717 904 irrite
1743 836 1879 905 cecidit

136 1007 142 1020 ·
253 969 380 1043 Omnia
416 971 507 1042 enim
534 993 575 1040 eo
604 970 683 1040 loco
708 980 779 1039 tem
803 978 946 1062 enguste
978 979 1013 1036 et
1041 971 1207 1058 obscure,
1242 981 1277 1040 et
1300 973 1394 1042 nervi
1419 973 1486 1064 ipsi
1510 983 1687 1064 tantopere
1707 975 1879 1045 medullae

253 1107 458 1202 oblongetes
476 1108 630 1200 nppressi
647 1118 745 1194 sunt,
783 1118 820 1176 nt
843 1129 884 1176 ne
904 1107 1045 1176 hemido
1066 1109 1208 1200 quidem
1237 1111 1315 1179 illes
1337 1111 1507 1182 rediculus
1528 1113 1676 1182 evellere
1698 1114 1878 1204 potuerim.

254 1247 393 1318 Partem
420 1255 534 1315 sutem
554 1247 639 1315 ossis
660 1245 818 1337 occipitis
844 1242 998 1330 eulerre,
1036 1253 1070 1311 et
1096 1256 1241 1338 propter
1270 1249 1448 1341 sanguinis
1471 1271 1490 1318 e
1519 1249 1659 1318 sinubus
1683 1251 1882 1322 transversis

252 1385 468 1476 profluvium,
485 1407 549 1454 oon
572 1405 672 1455 susus
692 1405 787 1470 snrn,
824 1382 958 1474 etipse
983 1384 1109 1453 ossium
1134 1384 1279 1454 durities
1307 1385 1498 1478 impedivit.
1556 1387 1715 1457 Attamen
1739 1408 1818 1456 cum
1838 1409 1881 1457 ex

253 1524 316 1608 iis,
341 1542 428 1612 quee
443 1521 592 1592 feceram
608 1523 858 1620 experimento,
880 1521 928 1588 nil
942 1521 1029 1590 certi
1042 1523 1164 1614 colligi
1180 1545 1281 1615 posse
1299 1525 1546 1618 intelligerem,
1574 1547 1636 1594 nec
1650 1537 1764 1594 temen
1779 1548 1822 1594 ex
1838 1526 1881 1595 iis

254 1663 487 1757 conjecturem
506 1685 616 1766 mecm
634 1662 755 1731 fulsum
773 1681 850 1732 esse
870 1670 1154 1748 consequeretur:
1179 1661 1241 1730 sed
1260 1684 1280 1729 e
1297 1662 1529 1731 contrariom
1550 1671 1683 1754 perlem
1700 1663 1820 1732 seltern
1838 1663 1881 1732 iis

254 1801 479 1895 comprobare
498 1801 695 1888 rideretur,
730 1823 796 1870 non
815 1821 951 1870 omnem
968 1799 1116 1870 euimuur
1137 1797 1272 1884 dimisi,
1301 1799 1365 1868 sed
1384 1799 1451 1868 elie
1468 1800 1612 1870 fortusse
1632 1799 1688 1868 vie
1707 1821 1780 1869 reru
1800 1822 1881 1892 per-

254 1940 358 2008 licere
381 1939 507 2008 studui.
1557 1905 1560 1914 Α

351 2074 458 2146 Forte
481 2074 615 2146 tonum
639 2074 824 2165 aliquando
848 2073 1027 2144 observavi
1053 2079 1088 2142 et
1104 2072 1322 2144 interstitium
1342 2073 1430 2142 illud
1448 2075 1536 2143 inter
1554 2065 1705 2144 cronium
1726 2084 1760 2144 et
1774 2076 1881 2144 etlen·

255 2222 324 2282 tem
348 2212 463 2304 ceptis
496 2213 604 2282 multo
641 2212 750 2304 mejns
785 2231 859 2282 esse
891 2233 992 2300 quern
1025 2209 1185 2295 cunibus,
1219 2220 1254 2278 et
1284 2210 1329 2277 ob
1355 2210 1393 2278 id
1418 2211 1530 2304 iprum
1561 2211 1715 2280 sesemen
1745 2235 1882 2301 quoque

254 2351 405 2420 lacerum
438 2357 473 2417 et
502 2346 632 2446 Vagos
657 2345 964 2436 Accessorr'osque
996 2345 1103 2418 multo
1127 2349 1263 2418 facilius
1298 2350 1333 2419 in
1356 2349 1423 2420 hec
1449 2351 1557 2421 bestie
1590 2352 1743 2444 conspici
1772 2373 1882 2442 posse.

255 2494 475 2584 Quapropter
500 2494 601 2561 etiem
629 2515 671 2560 cx
696 2492 764 2561 lroc
788 2491 926 2560 enimeli
952 2489 1221 2580 experimentum
1246 2507 1371 2577 cepere
1395 2489 1516 2569 stetui3
1552 2489 1648 2578 quod
1673 2498 1710 2558 ut
1733 2489 1883 2558 lacerem

255 2632 366 2724 megis
380 2632 481 2702 etiem
496 2640 685 2702 commotus
699 2651 794 2717 sum,
818 2631 899 2720 quie
915 2629 978 2700 hes
996 2626 1123 2698 bestius
1139 2627 1280 2696 cunibus
1298 2630 1405 2698 multo
1424 2629 1655 2698 sensibiliores
1671 2652 1744 2700 esse
1770 2629 1880 2698 enim-

255 2771 398 2842 edrerti.
456 2771 612 2842 clement
632 2771 723 2840 enim
743 2769 833 2840 hirci
860 2782 894 2839 et
914 2770 1045 2864 ejuleut
1069 2769 1246 2853 continuo,
1284 2769 1447 2859 quamdiu
1470 2770 1504 2838 in
1531 2773 1736 2862 corporibus
1764 2793 1883 2840 eornm

256 2924 409 3000 mentor,
430 2933 530 2983 cenes
543 2899 847 3004 rero'plerumque
865 2920 944 2980 cute
963 2922 998 2980 et
1012 2909 1174 2979 musculis
1191 2910 1368 2996 dissectis,
1392 2911 1518 2980 nullum
1537 2912 1683 3002 emplius
1699 2911 1882 2982 ediderunt

258 3072 394 3141 vocem,
418 3055 466 3122 ite
491 3061 529 3123 ut
551 3073 654 3146 seepe
679 3053 860 3138 nescirem,
884 3058 997 3120 utrum
1024 3050 1229 3121 dissectione
1258 3075 1437 3122 nervorum
1462 3075 1528 3124 vox
1552 3055 1686 3124 subluto
1710 3067 1815 3143 esset,
1839 3079 1882 3124 eo

259 3213 325 3264 neu
348 3192 482 3262 sublate
506 3202 604 3262 esest

355 3329 474 3418 lteque
499 3331 666 3422 vigesimo
691 3329 816 3398 mensis
838 3327 926 3396 Julii
951 3329 985 3396 in
1010 3325 1109 3438 lrircc
1127 3328 1295 3420 juvenili,
1333 3329 1537 3400 dissectione
1571 3331 1749 3422 ligamenti
1780 3330 1883 3400 obtu-

258 3469 377 3540 retorii
411 3469 535 3560 postici
571 3467 736 3554 cervicis,
783 3467 859 3557 peri
892 3487 934 3534 ec
965 3487 1068 3558 snpra
1101 3465 1270 3558 descripsi
1304 3467 1426 3552 modo,
1472 3469 1625 3536 conelem
1659 3468 1885 3538 medullerem

257 3605 386 3700 aperui.
437 3605 566 3676 Verum
592 3627 671 3674 mox
696 3603 768 3672 vidi
793 3625 848 3673 mc
874 3604 975 3672 etiem
1001 3603 1167 3696 inhujus
1193 3607 1349 3675 euimelis
1374 3629 1538 3698 corpore,
1567 3629 1633 3677 uon
1659 3629 1701 3676 ec
1725 3607 1785 3676 ubi
1810 3604 1885 3677 Ac-

259 3746 411 3815 cesserit
435 3767 454 3814 c
479 3745 643 3814 foramine
667 3745 785 3816 lecerc
809 3743 957 3828 exirent,
983 3743 1281 3813 instrumentorum
1300 3766 1452 3814 meorum
1471 3767 1538 3836 ope
1561 3745 1744 3837 pervenire
1767 3765 1885 3836 posse,

133 3872 148 3900 ⁹
258 3883 458 3974 praesertim
482 3903 558 3952 cum
585 3881 708 3950 enimel
732 3878 833 3948 uelde
857 3881 1046 3968 inquietum
1071 3891 1167 3950 esset
1215 3883 1434 3974 Quepropter
1454 3883 1528 3952 fere
1552 3883 1598 3950 ed
1615 3883 1885 3973 desperationem

258 4022 417 4116 prosperi
431 4032 570 4092 eventus
595 4021 783 4106 sdductns,
808 4029 843 4088 et
865 4019 1042 4090 mortelcm
1060 4023 1234 4113 sanguinis
1252 4023 1459 4112 profluvium
1479 4021 1624 4108 veritus,
1648 4022 1746 4090 lirum
1759 4022 1886 4092 ossium

258 4161 378 4230 forfice
401 4167 535 4252 pertem
561 4159 647 4228 ossis
671 4157 830 4250 occipitis
854 4157 990 4226 eulerrs
1023 4159 1144 4239 stetui3
1176 4169 1211 4226 et
1242 4168 1372 4228 tentum
1404 4159 1489 4229 ossis
1522 4160 1662 4247 sustuli,
1697 4170 1735 4228 ut
1767 4181 1887 4230 nervos

259 4299 319 4368 ubi
341 4299 492 4369 ecrenin
513 4306 637 4366 exeunt
656 4295 874 4388 prehendere
893 4317 1038 4387 possem.
1077 4335 1122 4350 -
1160 4297 1265 4382 Quod
1284 4296 1407 4383 metui,
1432 4297 1580 4379 eccidit3
1614 4319 1774 4391 megnum
1795 4298 1887 4366 enim

259 4405 434 4531 sanguinis
454 4436 662 4528 profluvium
682 4444 928 4524 consequutum
951 4443 1022 4516 est;
1057 4435 1119 4538 ssd
1145 4457 1234 4524 eque
1250 4435 1383 4527 frigide
1402 4435 1440 4502 id
1458 4435 1578 4504 sistere
1601 4435 1756 4526 contigit.
1805 4436 1887 4504 Dis·

260 4575 362 4644 sectis
379 4575 554 4660 omnibus,
580 4584 619 4642 ut
634 4571 774 4662 quidem
794 4571 911 4661 putevi
931 4570 1127 4655 radicibus,
1151 4572 1307 4640 enimelis
1328 4593 1394 4642 vox
1414 4593 1514 4641 reuce
1530 4571 1672 4660 quidem
1691 4571 1799 4657 lecte,
1824 4573 1887 4640 sed

260 4721 372 4780 temen
399 4734 466 4781 nou
489 4733 629 4804 prorsus
654 4711 776 4780 emisse
802 4720 861 4780 est
928 4709 1009 4780 dem
1038 4731 1120 4780 vero
1150 4710 1356 4800 desperetis,
1389 4709 1629 4802 experimentis
1653 4709 1822 4778 abstinere
1853 4711 1888 4779 in

259 4850 408 4916 animum
431 4847 561 4916 induxi.
622 4849 752 4918 Verum
777 4869 856 4918 curn
881 4848 1019 4916 enimeli
1044 4845 1224 4916 interiecto
1251 4848 1438 4924 sectionem
1463 4847 1693 4932 instituerem,
1728 4845 1801 4914 ridi
1834 4870 1888 4916 me

261 4994 460 5079 propterea,
485 4987 565 5076 quie
584 4989 750 5080 sunguine
770 4967 882 5058 omnic
897 4989 1047 5060 obductu
1065 4998 1200 5074 essent,
1225 5011 1373 5073 errasse,
1395 4988 1454 5077 qui
1472 4987 1650 5058 crederem
1668 5007 1785 5054 omnes
1801 5009 1821 5058 ι
1835 5009 1889 5056 me

263 5127 357 5198 uerri
373 5124 523 5210 redices,
549 5144 690 5212 querum
709 5128 902 5217 permultae
917 5127 951 5194 in
967 5125 1068 5195 lrirco
1082 5137 1177 5210 sunt,
1200 5149 1273 5198 esse
1291 5127 1471 5212 dissectos,
1496 5147 1572 5194 curn
1589 5135 1700 5196 mmen
1718 5147 1837 5216 reepse
1854 5125 1888 5194 iu

264 5277 408 5356 utroque
427 5266 533 5334 lutere
549 5273 694 5353 quotuor
711 5266 766 5333 vel
784 5267 933 5355 quinque
948 5264 1086 5333 illeeeee
1105 5274 1226 5334 essent
