4672 6172
441 819 638 914 pertincant
654 819 792 892 radices
806 821 1039 916 internoscere
1054 819 1149 890 velis.
1197 819 1409 908 Plerumque
1422 840 1583 890 mmm
1596 841 1735 910 qaoque
1749 817 1873 888 hrum
1887 841 1908 890 a
1923 819 2074 890 medulla

441 959 1045 1056 oblongataoriundarumradicum
1064 958 1387 1048 ibadauetuem,
1417 957 2076 1056 attamspimaeqaamVugiradicer

442 1109 651 1196 appareant,
674 1110 710 1172 et
728 1122 832 1194 nepe
849 1123 872 1168 a
887 1100 1002 1194 primo
1020 1097 1106 1170 indo
1124 1099 1346 1170 cervicalimn
1365 1099 1442 1192 pari
1463 1120 1572 1189 usqae
1587 1100 1635 1169 ad
1656 1097 1761 1197 Vngr'
1774 1099 1908 1170 radices
1925 1099 2079 1172 duodeni

442 1240 489 1311 ad
498 1241 655 1330 quaterni
669 1238 750 1311 deni
762 1251 993 1310 numerentur.
1026 1236 1085 1308 Ad
1095 1235 1742 1308 noemmimribmmmmlinntoa
1754 1234 1964 1310 Accessorir'
1978 1237 2079 1308 radix

441 1353 553 1450 multo
569 1377 708 1448 breuior
725 1386 778 1448 est
800 1399 904 1467 quam
920 1378 957 1448 in
974 1376 1184 1470 majoribus,
1207 1387 1246 1446 nt
1260 1377 1320 1444 vix
1336 1397 1446 1466 nsque
1462 1377 1510 1446 ad
1528 1384 1687 1468 quartam
1706 1387 1766 1446 aut
1779 1377 1920 1446 tertium
1935 1399 2078 1447 nerrmn

442 1515 649 1586 cervicalem
669 1515 850 1607 pertineat
903 1516 1000 1596 lutra
1023 1515 1482 1610 etslatimpnstegremum
1502 1515 2078 1586 eioraminelaceroambonerri

442 1652 557 1748 magis
581 1652 767 1752 magisque
788 1655 1007 1740 coalescunt,
1039 1652 1088 1721 ita
1109 1653 1203 1722 utin
1222 1656 1341 1726 multis
1359 1655 1480 1726 bestiis
1506 1653 1593 1724 rami
1611 1655 1821 1748 peculiares,
1860 1655 1922 1744 qni
1944 1655 1990 1724 ab
2011 1677 2078 1726 uns

444 1796 491 1865 en
506 1796 654 1865 merum
668 1816 743 1866 rese
762 1795 969 1882 madunt,
992 1781 1178 1865 meremor
1195 1804 1384 1885 neqeunt,
1408 1804 1443 1868 er
1455 1791 1696 1867 Amersortus
1710 1817 1753 1899 eo
1767 1794 2004 1865 autmundo
2023 1795 2077 1864 tn-

443 1935 633 2030 signiatur,
657 1944 697 2004 ut
716 1934 898 2004 rotundam
915 1897 1063 2004 formam
1078 1955 1175 2003 snam
1196 1945 1329 2022 servet,
1355 1938 1427 2006 'nec
1441 1957 1585 2028 usquam
1609 1938 1646 2006 in
1665 1936 1834 2030 ganglion
1860 1936 1950 2020 illud
1975 1933 2078 2033 Vagi

442 2083 603 2147 transeat.
650 2075 787 2144 Pariter
804 2097 919 2146 ramus
937 2083 1114 2162 externus,
1139 2075 1200 2164 qui
1221 2075 1257 2144 in
1278 2075 1444 2146 musculis
1466 2075 1550 2144 colli
1567 2085 1603 2146 et
1616 2076 1764 2146 ceruicis
1789 2075 2017 2162 divaricatur,
2040 2077 2078 2146 iu

444 2215 563 2285 multis
577 2213 816 2284 mammalibus
842 2215 981 2284 videtur
1003 2235 1119 2284 ramus
1139 2207 1243 2310 Vngi
1266 2233 1359 2300 esse,
1384 2223 1419 2282 et
1436 2213 1474 2282 in
1497 2209 1645 2284 Camelo
1663 2213 1808 2302 aliisque
1824 2213 1964 2302 bestiis,
1989 2235 2078 2304 quae

291 2403 293 2410 ·
445 2351 506 2422 ta'li
531 2361 610 2422 sunt
631 2350 789 2443 corporis
808 2361 998 2438 structura,
1032 2361 1071 2420 ut
1088 2350 1234 2420 musculi
1248 2351 1302 2419 illi
1320 2351 1396 2422 iere
1415 2350 1546 2440 desint,
1578 2360 1648 2422 tem
1664 2355 1778 2423 tenuis
1802 2363 1839 2422 et
1857 2355 2001 2447 exiguus
2019 2354 2078 2438 lit,

445 2501 485 2562 ut
502 2493 620 2584 plnres
636 2493 924 2580 existimaverint,
955 2513 1032 2561 eum
1051 2492 1154 2584 plane
1171 2493 1301 2563 abac.
1359 2491 1458 2576 Quae
1473 2511 1554 2560 cum
1576 2492 1624 2562 ita
1638 2492 1726 2578 sint,
1757 2491 1787 2560 si
1803 2514 1906 2583 quam
1921 2492 2016 2561 varia
2032 2491 2078 2559 sit

445 2633 483 2704 in
499 2633 603 2704 variis
622 2631 878 2719 mammalibus,
907 2633 1097 2725 praecipue
1114 2633 1152 2700 in
1171 2629 1378 2715 minoribus,
1411 2609 1627 2702 Accessere
1648 2639 1838 2719 structura,
1872 2634 2079 2702 observave-

445 2770 513 2858 ris,
559 2769 662 2840 etiam
688 2770 725 2838 in
753 2771 867 2840 avium
893 2769 1218 2863 amphibiorumqne
1246 2770 1452 2863 corporibus
1478 2791 1557 2840 eum
1583 2771 1689 2841 facile
1714 2773 1876 2868 reperies
1949 2771 2079 2873 Verum

445 2907 620 2980 enimvero
636 2929 717 2980 cum
730 2908 766 2978 in
781 2907 942 3000 pluribus
959 2907 1082 2977 barum
1096 2909 1257 2978 classium
1275 2912 1479 2982 animalibus
1504 2913 1554 2981 nil
1575 2911 1651 2983 lere
1669 2910 1882 2985 Acccsmrii
1906 2909 2077 2998 reliquum

444 3046 508 3133 rit,
542 3046 608 3116 nisi
625 3045 763 3119 radicet
781 3071 802 3116 e
818 3045 973 3117 medulla
989 3009 1175 3144 oblongatir
1195 3048 1383 3139 oriundae,
1422 3053 1535 3144 (quae
1551 3054 1715 3144 quidem,
1746 3048 1798 3122 uti
1823 3051 1915 3120 infra
1934 3049 2078 3154 demon·
2200 3125 2203 3130 ¹
2325 3059 2326 3110 1

324 3231 332 3242 -
446 3182 649 3271 citabimus,
680 3184 727 3252 ad
748 3183 1027 3279 physiologicam
1045 3185 1121 3279 ejus
1140 3189 1306 3258 rationem
1327 3191 1468 3258 maximi
1488 3193 1652 3262 momenti
1674 3189 1795 3279 snut,)
1832 3189 1867 3256 in
1889 3185 2080 3280 majoribus

447 3321 649 3394 animalibus
675 3321 822 3415 reperiri
845 3323 988 3412 quidem
1010 3333 1143 3418 potest,
1188 3327 1226 3397 in
1248 3327 1440 3399 minoribns
1461 3337 1593 3418 autem,
1628 3329 1678 3399 uti
1701 3327 1737 3398 in
1762 3326 1935 3397 oscinibus
1957 3324 2081 3396 nostris

446 3473 590 3558 propter
610 3463 762 3556 partium
788 3485 954 3534 summam
979 3467 1183 3558 parvitatem
1218 3465 1323 3539 nudis
1352 3467 1462 3537 oculis
1488 3467 1689 3560 praeparari
1713 3488 1782 3536 non
1805 3473 1927 3558 potest
1997 3463 2082 3530 lllae
2167 3485 2169 3490 ·
2325 3445 2326 3466 ¹

366 3641 375 3654 ·
446 3623 530 3672 vero
546 3599 683 3670 radices
701 3623 724 3668 a
739 3601 890 3672 medulla
907 3605 1094 3698 oblongata
1113 3607 1151 3673 in
1170 3607 1292 3673 avibus
1311 3615 1346 3671 et
1365 3604 1567 3692 reptilibus,
1599 3605 1660 3688 iis,
1684 3627 1772 3692 quae
1791 3605 1827 3670 in
1846 3599 2082 3670 mammalibus
2112 3639 2115 3644 ·

447 3739 492 3810 ad
514 3737 771 3814 Accsssorium
802 3742 994 3833 pertinent,
1033 3753 1103 3811 tam
1126 3749 1246 3833 aperte
1272 3738 1498 3830 respondent,
1530 3749 1569 3807 ut
1589 3739 1677 3808 mibi
1700 3739 1996 3831 persuasissimum
2019 3741 2083 3826 sit,

447 3881 634 3969 neminem,
670 3880 858 3952 dummodo
880 3903 936 3953 eas
954 3882 1030 3975 ipsc
1046 3863 1196 3971 viderit,
1231 3881 1314 3972 quin
1336 3877 1549 3954 Accerserit
1569 3879 1706 3950 radices
1727 3880 1812 3966 sint,
1848 3879 2083 3950 dubitaturum

449 4031 542 4099 esse,
567 4012 651 4083 licet
670 4006 735 4086 nec
751 4027 893 4088 truncus
908 4028 1083 4111 separatus
1102 4041 1123 4088 a
1142 4013 1254 4116 Vago
1275 4021 1311 4090 in
1329 4019 1457 4130 canali,
1484 4019 1545 4109 qni
1562 4018 1730 4088 foramine
1747 4017 1863 4087 lacero
1881 4018 2083 4111 respondet,

448 4151 633 4222 internosci
652 4155 781 4245 possit,
814 4177 878 4224 nec
902 4179 1017 4226 ramus
1039 4159 1100 4226 ille
1121 4169 1278 4229 externus
1300 4157 1348 4226 ad
1366 4157 1540 4225 musculos
1557 4155 1639 4224 colli
1659 4165 1694 4226 et
1712 4156 1859 4228 cervicis
1879 4156 2022 4228 tendens
2047 4156 2082 4224 ia

448 4290 599 4360 omnium
617 4291 743 4362 irarum
763 4293 923 4364 classium
940 4295 1139 4365 animalium
1154 4296 1361 4390 corporibus
1376 4293 1476 4363 adsit
1525 4295 1684 4367 Attamen
1703 4297 1738 4366 in
1756 4296 1945 4390 majoribus
1963 4292 2085 4361 nvibus

374 4389 383 4410 .
449 4451 553 4522 saepe
567 4452 732 4501 ramuma
752 4426 863 4528 Vago
881 4431 999 4502 statim
1013 4442 1092 4525 post
1110 4457 1286 4528 egressum
1305 4437 1450 4506 ecanaii
1462 4456 1525 4506 suo
1540 4436 1587 4505 ad
1603 4439 1775 4514 musculos
1790 4435 1871 4505 colli
1886 4433 2086 4502 tendentem

449 4569 584 4654 inveni,
618 4578 653 4640 et
670 4570 826 4642 Boranus
852 4592 992 4663 quoque
1014 4573 1061 4643 de
1080 4575 1254 4646 testudine
1273 4576 1430 4648 terrestri
1458 4577 1562 4646 talem
1591 4589 1626 4646 et
1649 4572 1813 4646 describit
1840 4579 1875 4640 et
1907 4571 2086 4665 depingit,

451 4706 607 4795 quicum
624 4707 758 4778 duobus
775 4709 897 4801 primis
914 4711 1134 4782 cervicalium
1153 4712 1295 4805 paribus
1311 4739 1388 4788 sese
1407 4715 1604 4809 coniungit,
1629 4724 1664 4783 et
1684 4714 1721 4781 in
1739 4712 1910 4782 musculos
1928 4714 2011 4783 colli
2029 4715 2086 4783 di·

450 4847 631 4918 varicatur.
679 4846 802 4918 Simile
820 4851 908 4939 qnid
930 4851 1092 4942 equidem
1116 4863 1150 4924 et
1171 4853 1247 4946 ipss
1269 4859 1304 4927 in
1325 4852 1604 4951 Amplrr‘sbaena
1629 4847 1738 4940 olba,
1771 4875 1873 4943 quam
1895 4857 2086 4926 accuratius

451 4983 543 5054 inira
567 4987 779 5077 describam,
815 4988 1004 5060 observavi.
1068 4992 1352 5065 Commemorabo
1381 4993 1442 5064 hic
1471 4990 1726 5078 tantummodo,
1757 4993 1956 5082 quaemihi
1984 5012 2086 5063 causa

451 5122 610 5192 uideatur
631 5145 724 5210 esse,
749 5147 812 5196 cur
832 5127 1013 5218 hucusque
1037 5130 1115 5199 Viri
1133 5111 1227 5204 docti
1249 5113 1327 5205 cuin
1347 5133 1384 5201 in
1399 5133 1514 5201 adum
1529 5139 1602 5197 tum
1618 5132 1820 5220 pracsertim
1837 5131 1873 5200 in
1890 5129 2086 5223 amphibio-

453 5283 529 5332 rum
551 5261 756 5355 corporibus
777 5264 991 5340 Accessorit'
1018 5269 1173 5344 radicem
1198 5295 1264 5344 non
1289 5273 1489 5345 invenerint
1551 5267 1689 5342 Etenim
1714 5295 1831 5344 earnm
1856 5271 2087 5342 radicalarum
