4672 6172
309 1365 706 1502 autumnat
762 1363 1019 1502 uuus
1077 1365 1851 1510 uuiusucuctcttcua

636 1811 1528 1967 cluuruurMuM.

402 2048 523 2164 Quae
548 2049 633 2134 sint
663 2051 846 2136 uirorum
874 2048 1095 2135 doctorum
1123 2047 1174 2132 de
1200 2051 1318 2136 nerui
1343 2049 1590 2139 Accersorii
1614 2037 1769 2140 nmero

810 2221 850 2287 et
864 2201 1088 2312 structione
1113 2205 1348 2287 sententiae.

1007 2443 1043 2546 ς.
1092 2445 1150 2518 aa.

265 2545 368 2707 Uti
401 2627 598 2700 wamma.
616 2627 749 2720 primus
781 2626 988 2699 anatomicas
1023 2623 1237 2698 Accessorii
1270 2627 1417 2698 rationes
1451 2627 1655 2723 diligentius
1689 2629 1897 2722 exploravit,

264 2770 526 2862 accuratiusque
553 2771 759 2864 descripsit,
795 2767 890 2840 idem
918 2770 1083 2864 princeps
1111 2765 1158 2839 ale
1183 2766 1427 2865 physiologica
1459 2769 1566 2864 hujus
1598 2772 1694 2843 nervi
1721 2771 1900 2846 mactioue

264 2913 465 2984 seutentiam
480 2913 568 2984 tulit
618 2912 674 2984 Ab
694 2935 735 2982 eo
752 2912 835 2982 inde
851 2913 1117 2984 anatomieorum
1133 2877 1409 2980 doctissimorum
1427 2932 1616 3006 permagna
1630 2910 1699 2982 fuit
1715 2910 1761 2982 de
1774 2911 1842 2982 hae
1858 2933 1898 2982 re

265 3053 518 3148 discrepantia3
551 3076 615 3128 uec
634 3057 760 3126 mirum
775 3064 827 3125 tot
844 3053 1015 3142 extitisse,
1048 3052 1109 3144 qui
1134 3049 1228 3121 hauc
1250 3073 1326 3122 rem
1351 3060 1543 3124 tractarent
1601 3054 1740 3124 Etenim
1758 3074 1898 3143 nervus,

264 3216 344 3266 cum
364 3204 399 3266 et
414 3197 552 3291 origiue
572 3205 606 3267 et
624 3196 773 3270 decursu
790 3217 852 3267 suo
870 3205 1047 3288 tantopere
1066 3217 1086 3263 a
1104 3197 1228 3266 ceteris
1248 3194 1425 3283 diiierret,
1448 3195 1626 3268 materiam
1645 3195 1806 3288 praebuit
1826 3195 1899 3268 ‹lis-

266 3336 428 3428 quirendi
439 3337 656 3409 uberrimam.
705 3339 784 3424 Quo
796 3339 884 3408 solet
895 3360 969 3408 esse
980 3337 1165 3407 wmarus
1176 3334 1300 3406 mentis
1311 3335 1486 3424 acumine,
1502 3335 1592 3405 vidit
1604 3357 1647 3410 ex
1657 3333 1901 3429 conjunctione

264 3471 479 3548 Accessere·
494 3498 574 3547 cum
595 3473 640 3546 V
633 3497 706 3573 ago
735 3484 769 3546 et
786 3499 829 3546 ex
848 3476 998 3562 ratione,
1030 3497 1119 3563 quae
1145 3475 1234 3546 iuter
1247 3476 1368 3548 ambos
1383 3476 1449 3548 lroa
1466 3498 1588 3548 nervos
1609 3487 1716 3567 esset,
1749 3479 1795 3550 tie
1825 3479 1900 3574 ejus

265 3628 384 3691 natura
403 3629 438 3690 et
456 3618 633 3690 iunctione
647 3616 892 3712 physiologica
910 3626 1013 3708 atque
1029 3617 1166 3711 origine
1183 3617 1351 3713 singulari
1380 3617 1508 3712 conjici
1532 3641 1642 3712 posse
1703 3619 1899 3694 Arbitratus

266 3762 358 3830 eninr
373 3771 442 3851 est,
466 3785 547 3833 cum
561 3762 622 3834 hio
639 3783 781 3851 nervus,
807 3764 868 3852 qui
888 3784 931 3831 ex
949 3759 1102 3830 medulla
1115 3761 1238 3852 spinuli
1256 3761 1422 3848 oriretur,
1446 3771 1481 3833 et
1499 3763 1545 3832 ad
1557 3761 1728 3833 musculos
1739 3761 1899 3854 scapulae

267 3913 302 3974 et
318 3905 401 3975 colli
416 3907 624 3996 pertineret,
659 3926 739 3976 cum
765 3926 890 3990 nomo,
926 3903 987 3992 qui
1013 3903 1251 3973 involuntariis
1279 3913 1313 3972 et
1337 3903 1501 3975 sensilicis
1521 3903 1755 3994 respirationis
1782 3911 1817 3973 et
1842 3901 1899 3972 ‹li-

266 4047 432 4141 gestionis
451 4048 644 4119 actionibus
659 4056 850 4142 praeesset,
876 4043 1118 4138 conjunctione
1135 4053 1325 4128 teneretur3
1357 4045 1588 4137 sympathiam
1604 4046 1693 4116 iuter
1707 4045 1900 4117 involunta-

266 4188 335 4260 rias
353 4185 459 4281 hujus
477 4188 573 4258 ue'rvi
591 4189 762 4276 actiones,
787 4196 823 4258 et
840 4187 1008 4257 motiones
1024 4183 1256 4254 musculorum
1271 4183 1417 4256 cervicis
1437 4184 1550 4268 ellici3
1574 4184 1641 4256 hac
1658 4183 1900 4278 conjunctione

140 4399 142 4404 .
266 4329 432 4402 videlicet
447 4329 692 4400 involuntariae
705 4324 780 4399 lieri
799 4327 1032 4399 musculorum
1048 4323 1195 4397 cervicis
1217 4326 1401 4412 motiones,
1426 4323 1545 4413 quales
1562 4332 1675 4394 assent
1696 4345 1775 4396 cum
1792 4333 1900 4396 terre·

270 4491 404 4559 remur,
422 4471 640 4556 timeremus,
662 4469 882 4556 instaremus,
902 4468 1143 4554 clamaremus,
1162 4486 1380 4554 caneremus,
1404 4488 1491 4555 quae
1507 4466 1677 4536 motiones
1695 4465 1901 4558 plerumque

258 4629 348 4688 sum
373 4610 499 4682 vividis
519 4631 728 4704 organorum
750 4607 985 4701 respirationis
1007 4617 1042 4678 et
1066 4607 1203 4695 cordis,
1239 4617 1279 4677 ut
1298 4591 1479 4704 praecipui
1501 4607 1736 4679 circulatiouis
1758 4610 1899 4702 organi,

269 4747 460 4820 acconibus
485 4750 688 4844 conjunctae
712 4757 835 4822 esseut
894 4749 996 4820 Hauc
1020 4749 1224 4820 senteutiam
1242 4749 1427 4820 Wrmnsros
1451 4744 1487 4842 ¹)
1511 4751 1547 4820 in
1568 4751 1721 4822 medium
1739 4749 1901 4844 protulit,

269 4887 329 4960 ubi
346 4888 392 4958 de
405 4889 595 4962 actionibus
613 4903 647 4962 et
661 4913 723 4962 usu
739 4891 836 4963 nervi
853 4885 955 4981 Vugi
973 4888 1132 4980 loquitur·
1181 4885 1354 4984 ostem,
1379 4890 1512 4982 iuquit,
1534 4885 1773 4979 ostendimus,
1793 4891 1901 4986 puris

275 5031 378 5128 Vaga·
403 5051 552 5100 nervum
576 5029 742 5133 auosque
769 5029 823 5108 cd
852 5035 932 5132 ejus
942 5027 1137 5128 familiam
1161 5037 1404 5132 pertinentes,
1428 5030 1621 5131 fimetioru
1639 5029 1730 5124 fere
1761 5046 1900 5134 mutum

272 5189 501 5210 m*

320 5273 353 5340 i)
369 5273 516 5328 Wmmtrur
531 5270 549 5324 l
564 5269 582 5323 l
600 5285 626 5340 p.
643 5267 703 5324 utu.
