4672 6172
273 790 497 892 Hypoglossi
511 792 732 889 conjunctum
754 813 837 868 aaa
894 791 975 885 „Hs
991 807 1152 888 mironi,
1182 799 1311 890 iuquit,
1340 795 1439 874 datur
1457 796 1492 872 te
1507 821 1620 874 crans
1639 824 1716 898 pur
1733 800 1909 903 Iegrnrui

265 947 357 1006 trou
374 931 565 1031 occipitnl,
590 947 626 1005 et
641 947 760 1032 ayunt
774 932 1028 1033 communique'
1040 956 1127 1010 orec
1141 932 1180 1008 In
1195 939 1393 1010 nuissuncc
1408 933 1475 1010 des
1487 935 1591 1036 nerss
1607 944 1907 1038 sousoccipitm

275 1088 310 1146 et
328 1069 415 1146 celle
437 1069 504 1146 des
524 1067 630 1170 nerfs
649 1069 921 1170 Hypoglosscs,
958 1069 1005 1146 ils
1021 1089 1162 1160 sortent
1187 1070 1239 1148 du
1262 1097 1375 1148 crone
1401 1095 1489 1149 orec
1512 1073 1552 1150 lo
1572 1073 1741 1150 biduini
1758 1079 1904 1175 pairc.”
1976 1040 1979 1048 ,

274 1213 347 1286 Sed
367 1234 479 1304 usque
495 1213 744 1316 humuunuus,
779 1214 839 1303 qui
861 1213 898 1282 iu
920 1215 1047 1288 octaris
1063 1215 1301 1290 wmm
1323 1219 1497 1308 nquius,
1529 1239 1641 1308 neque
1657 1218 1904 1320 Moacucmus,

274 1353 486 1424 tumn
502 1360 537 1421 et
555 1350 719 1440 Securo,
744 1373 808 1424 uec
822 1352 960 1423 omniuo
978 1354 1263 1452 quisquamulius
1281 1354 1372 1426 hauc
1389 1354 1664 1449 conjunctionem
1687 1359 1834 1452 reperit,
1866 1369 1904 1432 ut

272 1490 325 1564 tu
352 1490 398 1562 sit
426 1489 570 1562 nudus
594 1509 725 1590 enasse
749 1489 1006 1580 wammam,
1041 1505 1101 1564 aut
1119 1493 1234 1566 verbis
1256 1494 1306 1564 uti
1329 1493 1536 1566 Monununu
1567 1489 1623 1588 69)
1644 1496 1805 1587 illustris,
1842 1499 1904 1588 qui

271 1651 417 1728 ‚,quus,
450 1631 581 1720 inquit,
614 1631 683 1702 etsi
698 1650 767 1727 ego
783 1627 944 1704 nondum
963 1634 1160 1728 compesci,
1193 1653 1268 1702 non
1280 1645 1479 1727 propterea
1496 1647 1618 1706 tamen
1634 1629 1781 1724 dubito,
1814 1638 1905 1733 quin

274 1768 351 1866 ipse
376 1762 580 1866 aliquando
607 1763 733 1838 uidere
754 1771 914 1861 poneris
920 1794 936 1854 ‚·
970 1770 1049 1868 ejus
1068 1769 1164 1842 urim
1176 1765 1282 1872 fides
1308 1783 1419 1868 atque
1439 1767 1592 1844 solertia
1614 1791 1666 1844 cn
1687 1735 1905 1848 annuntius

275 1906 354 2002 ejus
378 1899 669 2000 expositionibus
686 1919 878 2000 perspecto
903 1901 994 1995 est.”

561 2488 914 2596 CAPUT
993 2499 1622 2610 SECUNDUM

334 2651 568 2762 Auotomio
597 2676 733 2763 Nerui
758 2675 1026 2777 Accessorii,
1056 2681 1218 2794 quinti
1247 2679 1292 2774 in
1318 2681 1563 2793 corporibus
1591 2682 1848 2768 animalium.

944 2929 1164 3030 411.

376 3117 545 3208 Absoluta
564 3119 659 3190 nervi
675 3117 906 3206 Accessorii,
936 3117 997 3208 qui
1021 3127 1072 3188 est
1090 3119 1126 3186 iu
1147 3138 1293 3211 corpore
1316 3118 1467 3190 humano
1488 3121 1740 3215 descriptione,
1775 3122 1908 3193 Wmm-

279 3277 348 3329 srus
367 3252 421 3351 70)
439 3260 475 3329 iu
490 3258 582 3329 libro
598 3281 702 3354 saepe
721 3260 878 3331 laudato:
914 3255 1020 3348 „Hic
1036 3281 1184 3346 ueruto,
1214 3258 1350 3350 iuquit,
1384 3281 1460 3331 non
1477 3273 1616 3331 tuntum
1638 3263 1678 3330 in
1698 3259 1846 3333 bomine
1874 3275 1910 3331 et

278 3393 594 3494 quadrupedibus,
628 3395 696 3468 sed
723 3399 833 3468 etiam
865 3400 905 3466 in
928 3395 1131 3468 rudioribus
1159 3410 1193 3467 et
1214 3393 1376 3492 piscibus
1399 3411 1610 3470 constanter
1634 3400 1837 3494 reperitur,
1869 3401 1910 3469 in

245 3577 251 3590 ·
277 3531 421 3635 ilb‘sque
435 3537 511 3608 rice
527 3532 763 3634 brachiorum
779 3533 851 3609 ulis
867 3551 901 3608 et
914 3503 1042 3633 pinnis
1061 3529 1246 3606 mouendis
1261 3529 1442 3606 ἅωιίηανί
1465 3531 1636 3608 rideurr.”
1686 3537 1783 3608 Haec
1803 3537 1910 3608 ruba

279 3674 439 3764 Seruum
464 3677 544 3767 qui,
569 3676 619 3746 uti
638 3675 926 3770 supradiximus,
951 3674 1146 3745 Wrmsswrr
1165 3674 1267 3742 etiam
1283 3675 1318 3744 iu
1334 3676 1411 3744 aliis
1425 3674 1529 3744 rebus
1549 3685 1712 3767 sequutus
1733 3682 1803 3764 esi,
1827 3675 1911 3746 licet

281 3815 355 3906 ipse
373 3816 563 3886 accuratius
587 3817 623 3886 in
641 3815 731 3888 hauc
749 3837 822 3886 rem
846 3839 913 3886 nou
936 3814 1188 3907 inquisivisset,
1222 3814 1268 3883 ad
1296 3815 1440 3884 verbum
1466 3778 1540 3885 iere
1558 3815 1753 3907 descripsit
1813 3815 1910 3901 Quae

281 3971 360 4021 cum
375 3951 554 4045 legissem,
586 3954 736 4047 primum
757 3975 830 4025 reru
850 3955 898 4022 ita
915 3954 1098 4026 mirabere
1114 3955 1251 4044 putavi,
1284 3951 1365 4042 quia
1378 3952 1565 4023 Wrmusrus
1584 3963 1619 4022 ct
1635 3950 1795 4041 Scanun,
1827 3953 1910 4022 dili-

282 4091 475 4186 gentissimi
505 4093 657 4184 alioquin
688 4093 813 4166 harum
841 4115 955 4165 rerum
974 4092 1213 4188 indagatores,
1247 4091 1295 4162 itu
1312 4091 1358 4162 de
1376 4090 1444 4163 isac
1465 4113 1504 4162 ra
1526 4092 1660 4182 loquuti
1679 4100 1778 4181 suut,
1812 4091 1911 4184 quusi

281 4240 371 4300 esset
388 4231 587 4303 certissima.
643 4231 773 4303 Verum
793 4231 955 4324 quoniam
975 4254 1038 4306 uec
1055 4239 1210 4304 soterum
1227 4230 1407 4322 quisquam
1429 4230 1572 4301 verbum
1601 4231 1646 4302 dc
1663 4230 1733 4302 hac
1748 4255 1787 4303 re
1808 4231 1911 4319 iecit,

282 4370 376 4460 quod
392 4368 537 4440 fortusse
551 4369 738 4440 anatomiac
750 4383 965 4466 comparatae
979 4372 1114 4444 incuria
1129 4373 1257 4443 iactum
1275 4382 1345 4461 cst,
1363 4382 1398 4443 et
1410 4373 1621 4444 recentiores
1627 4420 1640 4458 ,
1655 4373 1716 4463 qui
1731 4382 1912 4466 tantopore

283 4509 396 4581 eidem
414 4511 602 4581 anatomiae
624 4531 765 4604 operum
789 4512 980 4602 dederuut,
1006 4513 1053 4584 ud
1070 4536 1173 4585 unum
1189 4535 1307 4584 omues
1328 4521 1447 4584 contra
1461 4512 1657 4583 wamma
1678 4514 1911 4600 consentiunt,

281 4646 373 4717 hunc
397 4669 538 4720 usurum
566 4670 678 4740 usquc
706 4649 742 4719 iu
767 4648 889 4721 aribus
911 4671 1025 4740 nequo
1049 4651 1086 4720 iu
1113 4651 1301 4745 amphibiis
1332 4660 1368 4721 ct
1386 4651 1560 4744 piscibus,
1596 4652 1718 4746 punem
1739 4652 1910 4744 exceptis,

282 4807 429 4878 uuquam
445 4789 617 4862 inuentum
634 4809 727 4879 esse,
750 4789 985 4885 maximopere
1001 4791 1240 4865 ittewunsn
1253 4790 1361 4862 verbu
1379 4792 1522 4864 miratus
1542 4813 1626 4864 sum.
1676 4792 1816 4863 Constat
1832 4792 1911 4882 qui-

284 4927 364 4997 dem
383 4899 472 4996 iuter
486 4951 620 5020 omues,
638 4925 892 5004 Accessorium
908 4933 1002 5027 apud
1020 4934 1132 5006 omniu
1150 4929 1344 5012 mummuli·
1362 4929 1530 5018 inveniri,
1554 4952 1617 5001 uec
1628 4927 1827 5020 defuerunt,
1850 4932 1912 5023 qui

315 5165 366 5235 09)
382 5167 532 5223 Monesen
547 5165 566 5221 i·
583 5167 602 5221 Ι.
618 5185 643 5237 p.
657 5165 720 5224 tta.
738 5185 765 5223 u.
781 5166 806 5221 ἱ

314 5273 364 5341 tt)
380 5273 561 5331 Wmumtuui
579 5273 597 5328 t
613 5273 678 5343 cup
693 5275 820 5331 xxvnt
838 5293 863 5345 p
879 5275 940 5334 bii.
