4678 6170
295 535 304 556 0

443 771 669 849 moventibus
679 775 893 873 prospicere
903 785 1024 872 putet,
1041 773 1077 844 si
1091 784 1199 869 caput
1212 766 1391 870 obstipuit
1407 791 1433 842 u
1446 781 1575 842 nostro
1590 789 1702 841 neruo
1713 767 1910 866 praecipue
1920 763 2081 868 '‘pfecto,

447 912 705 1014 scopulosoque
720 909 886 986 movendi
902 875 1156 1014 difficultatem
1176 905 1403 999 derivamus,
1427 931 1554 982 acero
1571 904 1675 980 baud
1689 903 1870 980 uberrmc
1885 902 2081 980 videaur!

448 1055 585 1128 Deinde
598 1056 785 1142 existimat,
809 1063 953 1147 propter
969 1075 1046 1124 eam
1062 1073 1165 1141 qnam
1179 1070 1260 1121 cnm
1279 1045 1324 1120 V
1316 1067 1390 1146 ogo
1407 1044 1647 1120 Accessoriru
1665 1047 1769 1118 obeat
1788 1043 2081 1138 conjunctionem,

447 1191 663 1268 Acoessorii
676 1193 874 1265 affectiones
889 1193 1065 1285 morbosae
1083 1192 1118 1278 in
1139 1187 1286 1287 Vagam
1303 1186 1497 1258 redundare
1515 1194 1550 1256 et
1565 1161 1768 1279 praesertim
1784 1184 1960 1278 plnnryngi
1974 1185 2082 1256 aetin-

450 1356 511 1407 nes
543 1334 630 1406 mire
662 1335 813 1424 turbari,
854 1334 1005 1424 ideoque
1036 1333 1181 1427 anginae
1214 1328 1427 1424 paralyticae
1460 1327 1673 1398 occasionem
1718 1324 1933 1418 suppeditari
1970 1345 2080 1416 ponsa

448 1473 585 1546 Deinde
607 1475 743 1569 pergit,
756 1511 763 1519 ·
776 1495 863 1563 qnae
885 1472 991 1544 verba
1015 1472 1091 1568 ejus
1120 1479 1237 1541 notatu
1260 1476 1340 1536 sunt
1368 1466 1588 1561 dignissimae
1628 1459 1749 1552 „Cum
1766 1483 1885 1558 porro
1907 1465 2011 1533 nervi
2030 1459 2083 1534 ud

447 1611 660 1710 Loryngem
678 1606 880 1698 tendentes,
912 1611 1096 1709 ipsiusque
1116 1604 1284 1681 musore&
1301 1599 1529 1675 coarctando
1547 1616 1657 1702 utque
1678 1596 1872 1672 dilatando
1894 1598 2083 1699 Loryugis

449 1769 539 1824 cavo
558 1744 751 1821 destinatis
766 1750 1014 1846 prospiciunt,
1046 1743 1166 1819 lubun
1186 1762 1221 1819 et
1239 1746 1324 1817 iruic
1344 1743 1425 1817 loco
1444 1744 1586 1839 ipferre
1603 1758 1774 1840 possunt,
1805 1746 1930 1842 sieque
1947 1747 2083 1816 articu-

449 1885 552 1959 lutim
566 1885 841 1984 promrnciuudi
857 1909 961 1960 uoces
980 1882 1479 1985 multrrmjnegotiifaoessiffl
1528 1889 1577 1958 At
1594 1909 1637 1956 ex
1653 1886 1709 1955 his
1726 1885 1886 1958 omnibus
1901 1908 1966 1957 non
1979 1887 2081 1956 intel-

449 2029 548 2123 ligit,
571 2051 634 2100 cnr
650 2039 784 2101 creator
802 2028 895 2100 hune
915 2021 1056 2100 nervuni
1074 2053 1093 2098 a
1112 2029 1265 2099 medulla
1285 2028 1409 2121 spinuli
1425 2027 1471 2098 ad
1486 2049 1550 2120 par
1571 2024 1617 2096 V
1609 2049 1717 2124 ugum
1732 2026 1933 2115 deduxerit,
1966 2035 2001 2098 et
2018 2044 2081 2098 cur

449 2193 519 2240 non
538 2171 764 2242 cervicalibus
781 2171 863 2240 solis
885 2169 972 2241 haec
993 2168 1197 2267 praestanda
1218 2171 1407 2261 reliquerit.
1465 2169 1627 2239 ernsn
1643 2170 1844 2238 sententiam
1866 2190 1934 2239 non
1951 2177 2079 2238 rectam

451 2328 526 2379 esee
547 2317 664 2401 putat,
696 2308 777 2398 quia
796 2331 919 2380 nervus
940 2307 1071 2404 Vagus
1088 2331 1155 2378 non
1173 2307 1410 2379 involuntariis
1428 2305 1665 2379 'tantummodo
1681 2308 1850 2394 molibus,
1882 2306 1945 2376 sed
1960 2309 2082 2378 volun·

453 2450 549 2520 laniis
575 2470 732 2540 quoqne,
761 2472 789 2518 a
803 2473 839 2544 g.
862 2451 1017 2543 lingnam
1034 2458 1069 2519 et
1092 2449 1264 2518 musculos
1285 2449 1439 2543 laryngis
1465 2447 1644 2535 movendi,
1669 2447 1807 2540 praesit
1855 2444 1946 2516 Solis
1967 2455 2079 2518 autem

451 2589 535 2677 lilia,
561 2611 649 2680 quae
664 2590 860 2682 pulmones,
890 2609 970 2674 oor,
998 2589 1224 2660 ventriculum
1246 2585 1387 2673 adeant,
1425 2587 1606 2676 quominus
1624 2585 1713 2656 haee
1729 2586 1872 2655 iaoulms
1893 2586 2082 2671 tribuatur,

453 2747 668 2797 communen
690 2727 843 2797 omnium
862 2727 998 2796 lilornm
1017 2727 1191 2820 originem
1214 2734 1433 2815 mutuamque
1454 2749 1573 2796 eorum
1597 2726 1867 2796 communionem
1890 2726 2081 2817 prohibere

450 2874 555 2958 putat.
613 2866 751 2937 Deinde
771 2875 947 2958 comparat
965 2864 1222 2937 Accessorium
1245 2886 1324 2936 curn
1345 2888 1449 2936 nervo
1470 2866 1698 2954 intercostall,
1735 2874 1770 2936 et
1788 2867 1939 2955 quaerit,
1972 2889 2015 2936 an
2037 2868 2081 2936 tit

450 3001 692 3078 Accessorius
707 3027 885 3077 recurrens
903 3005 948 3075 ad
967 2989 1154 3076 medullam
1171 3005 1360 3099 spinulam,
1384 3005 1434 3074 nti
1451 3004 1514 3074 'ille
1534 3003 1580 3074 ad
1598 3000 1850 3096 encephalumi
1909 3003 1981 3075 sea
2007 3006 2081 3098 ipse

447 3143 523 3235 jam
540 3146 740 3236 adspectum
756 3146 892 3214 lilorunr
909 3147 1053 3217 meliora
1070 3169 1131 3216 nos
1147 3147 1275 3217 dooere
1290 3145 1436 3232 iatetnr,
1460 3147 1591 3238 quippe
1615 3168 1696 3217 cnm
1720 3143 1979 3218 Accessorium
2005 3167 2081 3214 ner·

453 3305 532 3352 curn
550 3309 570 3354 e
589 3284 704 3354 cranio
721 3295 900 3356 exeuntem
921 3307 997 3356 esse
1017 3309 1058 3358 eo
1077 3288 1195 3357 testari
1214 3285 1334 3378 affert,
1366 3311 1446 3360 curn
1471 3290 1649 3361 involucro
1673 3293 1808 3362 cerebri
1830 3292 2001 3363 communi
2028 3290 2081 3360 in·

451 3421 614 3492 volvatur.
673 3422 832 3514 Denique
854 3425 1006 3513 quaerit,
1038 3447 1119 3494 nurn
1134 3422 1375 3500 Accessorius
1400 3454 1420 3499 e
1438 3430 1588 3500 medulla
1611 3431 1734 3522 spinali
1763 3430 1809 3500 ad
1827 3453 1894 3522 par
1916 3426 2082 3526 Vagum‚

450 3559 545 3649 qnod
566 3560 611 3630 ab
632 3558 821 3652 eneephalo
835 3561 951 3632 adhuc
974 3565 1158 3655 provenire
1181 3576 1329 3652 constet,
1365 3568 1499 3634 ideirco
1524 3569 1686 3652 accedat,
1718 3575 1756 3634 nt
1777 3587 1961 3634 consensus
1989 3567 2080 3632 inter

449 3719 590 3769 nervum
618 3699 730 3768 oomni
756 3699 850 3790 paris
874 3708 977 3790 atque
1001 3700 1188 3770 medullam
1213 3700 1382 3792 spinalem
1410 3699 1596 3788 efficiatur,
1628 3723 1698 3789 qua
1721 3702 1757 3770 in
1782 3724 1821 3771 re
1842 3699 2082 3773 Accessorius

449 3857 566 3908 rursus
590 3832 669 3908 crlm
686 3859 792 3909 nervo
808 3839 1036 3927 intercoetali,
1058 3841 1120 3929 qni
1137 3861 1176 3910 se
1200 3839 1248 3908 ob
1269 3841 1412 3910 eandem
1427 3860 1564 3910 cauum
1586 3860 1665 3909 oum
1686 3841 1808 3931 quinto
1833 3849 1868 3909 et
1889 3849 1985 3910 sexto
2005 3844 2081 3933 pari

451 3973 658 4069 conjungat,
690 3979 873 4049 convenire
901 3979 1079 4049 existimat.
1134 3977 1208 4050 Sed
1228 3979 1304 4073 jam
1328 4005 1471 4053 nervum
1492 3983 1744 4092 intercostalem
1765 3981 1830 4052 hae
1850 3984 1943 4052 vices
1967 3983 2079 4074 ipsum

449 4114 549 4209 iungi
571 4117 775 4187 anatomiam
791 4118 919 4187 docere
935 4118 1080 4202 latetur3
1105 4121 1237 4217 qnippe
1252 4123 1312 4214 qui
1331 4123 1368 4191 in
1383 4121 1526 4191 thorace
1543 4130 1578 4192 et
1592 4120 1776 4190 abdomine
1791 4121 1916 4189 multas
1930 4141 2081 4190 commu·

450 4256 634 4331 nicationes
660 4279 739 4328 cum
767 4281 871 4328 nervo
901 4253 1013 4366 Vago
1037 4260 1216 4331 instituere
1237 4261 1380 4342 soleret3
1422 4260 1457 4328 in
1481 4259 1650 4351 superiori
1674 4269 1787 4330 autern
1810 4260 1891 4330 colli
1914 4269 2011 4351 parta
2039 4283 2080 4328 ex

449 4396 562 4486 primo
576 4395 719 4489 ganglia
732 4397 959 4468 intereostalis
974 4396 1044 4468 duo
1060 4399 1121 4468 iila
1138 4399 1176 4468 in
1189 4399 1302 4491 ipsum
1317 4421 1381 4492 par
1396 4396 1441 4467 V
1433 4421 1543 4496 egum
1558 4401 1706 4469 immitti.
1755 4400 1873 4489 ltaque
1889 4398 2080 4490 posteritati

450 4540 485 4600 et
501 4533 669 4624 longioris
685 4534 760 4604 aevi
776 4534 978 4628 diligentiae
996 4557 1070 4632 rem
1086 4536 1315 4608 dirimendam
1334 4538 1506 4630 relinquit.

1197 4756 1233 4857 ς.
1281 4759 1339 4831 re.

548 4915 659 5003 Quam
683 4919 896 5011 provinciam
919 4919 981 4989 ille
1005 4916 1155 5010 posteris
1176 4915 1370 5002 mandavit,
1405 4937 1479 4984 eam
1503 4913 1655 5005 eneoepit
1677 4912 1819 4985 Sennea
1848 4909 1895 5006 ⁷).
1945 4916 2000 5002 le,
2025 4914 2081 4983 eui

448 5061 487 5121 ut
508 5053 676 5125 Wmnrsro
702 5065 736 5127 et
760 5055 954 5127 Loasnesro
977 5075 1179 5150 persuasum
1201 5053 1288 5142 init,
1330 5055 1540 5149 singularem
1564 5051 1776 5125 Accessorii
1805 5051 1987 5164 decursum
2016 5073 2081 5122 non

450 5213 681 5230 Ἀ
693 5219 697 5226 ι

497 5291 954 5364 mortinetum.
