4672 6172
1852 571 1902 644 41

329 851 333 854 ,
374 764 529 838 i’rimnm
546 772 658 836 autem
675 763 871 836 describam
888 761 1162 846 Accessoriunr,
1194 763 1331 855 qualern
1358 785 1436 836 eum
1463 767 1576 838 inveni
1603 767 1773 874 incapite
1799 761 1903 838 Cico-

277 905 364 976 m‘ae
374 901 491 976 albae
540 907 641 976 Licet
655 905 744 975 enim
759 904 957 974 mucorem
971 911 1043 971 tum
1060 901 1199 970 demum
1214 911 1332 972 nactus
1350 903 1434 992 sim,
1458 922 1538 972 cum
1550 905 1584 974 in
1594 906 1902 994 ceterisomnibus,

277 1063 362 1133 quas
388 1065 470 1112 mox
501 1042 708 1112 enumerabo
742 1041 879 1126 avibus,
916 1034 1129 1111 Accessorir‘
1155 1039 1307 1108 radicem
1339 1063 1405 1109 non
1433 1041 1544 1110 solum
1572 1043 1797 1129 invenissem,
1840 1042 1903 1114 sed

270 1177 345 1270 jam
369 1179 645 1272 descripsissem,
681 1188 794 1248 umen
813 1179 883 1248 hoc
900 1179 1013 1269 primo
1030 1176 1108 1246 loco
1127 1201 1201 1249 enm
1227 1180 1441 1268 describam,
1474 1183 1598 1273 partim
1625 1183 1707 1270 quia
1730 1181 1764 1250 in
1789 1207 1829 1252 ea
1856 1183 1902 1252 ad

219 1312 221 1318 ’
274 1306 545 1408 magnitudinem
566 1315 715 1401 bestiae,
739 1315 815 1407 ipsa
835 1334 973 1404 qnoque
987 1310 1199 1387 Accerserit·
1216 1317 1315 1386 radix
1339 1328 1392 1388 sat
1406 1341 1530 1413 magne
1549 1331 1618 1406 est,
1644 1329 1679 1390 et
1694 1341 1811 1390 omnes
1827 1319 1903 1412 ejus

274 1452 423 1521 rationes
456 1451 608 1522 maxime·
627 1451 851 1543 perspicuae,
895 1451 1021 1542 purtim
1050 1454 1131 1540 quia
1160 1455 1346 1526 baccaris
1377 1479 1443 1526 una
1469 1457 1604 1526 iliarum
1629 1458 1732 1526 trium
1760 1467 1830 1546 est,
1866 1459 1902 1527 in

132 1645 134 1650 .
274 1613 417 1681 quarum
432 1595 545 1685 capite
561 1593 751 1663 Sernrsrus
770 1616 808 1663 se
824 1573 1225 1664 Accesscrirrm'vidisse
1245 1603 1368 1662 narrat
1416 1594 1618 1685 Quicunque
1634 1595 1726 1665 hunc
1743 1617 1900 1684 nervum,

273 1732 386 1821 qualis
404 1733 441 1800 in
462 1727 616 1802 Ciconia
627 1728 714 1804 alba
728 1741 889 1825 apparet,
914 1753 992 1802 cum
1009 1732 1090 1820 iilo,
1114 1731 1241 1821 quiret
1257 1731 1292 1800 in
1308 1733 1420 1823 cupite
1436 1735 1612 1819 anserino,
1636 1757 1807 1825 quemque
1821 1757 1901 1804 mox

274 1871 485 1958 describam,
517 1873 784 1964 comparaverit,
819 1873 1000 1941 mirabitur
1023 1895 1121 1955 sane,
1161 1871 1196 1937 in
1220 1877 1312 1938 tanta
1337 1872 1426 1941 inter
1450 1881 1631 1962 utrumque
1657 1873 1901 1972 similitudine,

271 2005 472 2078 snrrrsrrn
491 2031 569 2080 eum
586 2031 697 2099 neque
714 2010 751 2077 in
767 2009 853 2096 bre,
877 2029 988 2097 neque
1007 2011 1043 2078 in
1062 2005 1130 2076 alia
1149 2005 1306 2094 iliarum,
1331 2007 1366 2076 in
1387 2029 1471 2098 quas
1487 2009 1648 2097 equidem
1670 2031 1747 2078 eum
1767 2011 1897 2098 inveni,

272 2146 404 2234 avium,
428 2147 566 2244 vidisse.

368 2287 490 2358 Oritur
518 2300 629 2358 autern
656 2289 756 2358 radix
783 2285 1055 2400 Accessorir‘jn
1082 2286 1195 2376 capite
1225 2283 1401 2358 Ciconiae
1420 2285 1528 2359 albae
1554 2287 1665 2381 (Tab.
1678 2287 1740 2358 111.
1761 2287 1839 2383 Fig.
1854 2288 1897 2379 1)

267 2427 462 2496 tenuissima
479 2427 597 2497 radice
618 2427 690 2518 (1)
714 2449 818 2518 supra
843 2429 980 2496 tertium
1006 2448 1147 2496 nervum
1173 2427 1377 2496 cervicalem
1405 2451 1425 2496 a
1448 2429 1580 2518 postica
1605 2439 1703 2519 parte
1725 2428 1896 2498 medullae

268 2563 419 2655 spinulis
479 2565 570 2634 Dum
596 2586 634 2634 sc
662 2564 706 2632 ad
737 2563 871 2634 radices
899 2558 1003 2659 Vagi
1029 2561 1099 2654 (2)
1130 2562 1284 2649 confert,
1327 2565 1456 2655 accipit
1484 2587 1506 2632 a
1531 2565 1682 2634 medulla
1710 2565 1896 2659 oblongata

267 2709 412 2789 quatuor
427 2701 574 2771 minores
590 2701 780 2789 radiculas,
817 2700 943 2791 quibus
960 2701 1105 2770 crassior
1122 2699 1234 2769 iactus
1260 2721 1363 2788 quam
1380 2701 1447 2768 alia
1462 2701 1631 2790 quaedam
1653 2696 1756 2798 Vagr'
1775 2702 1893 2789 radix,

268 2857 346 2908 cnm
375 2839 431 2909 bis
456 2861 494 2908 se
516 2839 653 2932 Jungit‚
699 2841 824 2909 necin
852 2839 996 2933 gangiio
1026 2836 1149 2932 Vagi,
1198 2838 1292 2926 quod
1325 2837 1375 2906 ibi
1403 2848 1472 2924 est,
1521 2849 1681 2928 tanquam
1709 2840 1894 2930 singularis

266 2999 389 3048 nervus
407 2979 588 3047 internosci
608 2986 730 3067 potest
780 2977 902 3046 Statim
921 2998 1003 3046 vero
1023 2984 1102 3068 post
1119 2995 1294 3066 egressum
1316 2999 1336 3044 e
1354 2977 1490 3062 cronio,
1519 2980 1646 3070 Vagus
1662 2997 1793 3044 ramum
1811 2999 1891 3068 par·

266 3134 345 3184 vum
365 3114 437 3206 (1)
458 3117 564 3185 mittit
583 3115 628 3183 ad
650 3117 822 3190 musculos
840 3115 940 3203 colli,
975 3114 1036 3204 qui
1054 3124 1172 3204 aperte
1194 3111 1407 3185 Accessorir’
1427 3125 1566 3184 externo
1585 3136 1680 3184 ramo
1699 3115 1894 3206 respondet.

270 3253 526 3348 Vagusautem
538 3256 613 3345 ipse
628 3255 664 3323 in
679 3255 764 3324 duas
780 3254 947 3324 dividitur
961 3263 1094 3345 partes,
1118 3254 1153 3324 in
1168 3275 1299 3322 ramum
1316 3255 1486 3326 internum
1504 3253 1591 3345 (8),
1617 3257 1677 3343 qui
1693 3275 1771 3324 cum
1787 3265 1891 3328 nervo

269 3385 621 3488 Glossoplraryrrgeo
642 3390 824 3483 jungitur,
860 3401 894 3456 et
915 3393 952 3457 in
975 3401 1150 3462 exterorum
1175 3389 1232 3483 (6.
1249 3389 1319 3483 li),
1352 3394 1412 3481 qui
1431 3392 1540 3485 juxta·
1555 3415 1676 3462 venam
1691 3394 1892 3488 jugularcm

263 3533 299 3602 in
319 3534 427 3602 latere
445 3531 527 3600 colli
548 3531 594 3601 ad
609 3541 732 3621 pectus
752 3530 939 3600 descendit
996 3523 1131 3598 Nervus
1154 3525 1525 3628 Glossoplraryngeus
1543 3534 1700 3622 proxime
1717 3536 1892 3604 radicibus
1919 3523 1922 3528 ⁵

267 3667 370 3766 Vagi
389 3671 499 3739 oritur
526 3669 608 3761 (3).
658 3669 864 3738 Dissolvitur
883 3669 957 3738 lere
975 3677 1067 3736 totus
1087 3667 1122 3735 in
1142 3667 1309 3760 ganglion
1329 3668 1499 3737 cervicale
1520 3691 1717 3761 supremum
1738 3665 1892 3765 Sympo-

262 3804 368 3892 tlrr'ci,
394 3827 436 3874 ex
453 3829 522 3895 quo
542 3815 656 3876 autem
671 3827 751 3874 mox
769 3807 894 3874 iterum
914 3827 1093 3898 egressus,
1118 3829 1247 3875 ramum
1264 3806 1309 3874 ad
1324 3809 1511 3876 musculum
1527 3803 1788 3902 Scyloglossrrm
1808 3810 1890 3900 (1⁰)

261 3955 297 4017 ct
314 3945 418 4013 alium
438 3945 534 4037 (11)
552 3946 598 4015 ad
620 3945 829 4040 Loryogerrr
850 3955 886 4012 et
907 3940 1164 4038 Oesoplrcrgum
1185 3945 1307 4028 mittit,
1340 3952 1376 4012 et
1398 3966 1509 4035 prope
1534 3942 1680 4040 Vagam
1702 3949 1889 4018 secundom

261 4085 388 4154 collum
413 4082 595 4180 descendit
617 4081 697 4173 (9).
757 4081 916 4175 Contigit
937 4080 1047 4166 mihi,
1079 4091 1119 4149 ut
1143 4081 1179 4149 in
1204 4082 1269 4150 hac
1293 4104 1355 4152 ave
1378 4083 1541 4180 gan'glion
1569 4087 1739 4155 cervicale
1766 4109 1887 4179 supre-

260 4243 353 4292 mum
386 4218 483 4313 (lli)
519 4228 552 4290 et
587 4221 673 4289 duos
708 4220 783 4312 ejus
812 4241 946 4307 remos,
982 4241 1069 4310 quos
1100 4219 1145 4288 ad
1170 4214 1359 4288 Facialem
1393 4230 1428 4290 et
1454 4223 1490 4288 in
1520 4225 1671 4292 canalem
1700 4227 1887 4294 coroticum
1918 4301 1920 4312 1

259 4362 363 4430 mittit
395 4356 469 4451 (15
488 4368 524 4427 et
540 4357 632 4449 14),
666 4368 700 4427 et
718 4359 830 4450 ipsum
848 4356 1037 4430 Facialem
1059 4381 1239 4430 servarem.
1299 4357 1422 4428 Oritur
1442 4369 1556 4431 autem
1580 4384 1703 4432 nervus
1720 4361 1888 4434 Facialr's

259 4501 415 4590 proxime
427 4499 474 4567 ad
489 4499 623 4570 radices
632 4493 824 4569 Aodtrortt
833 4547 843 4584 ,
862 4499 964 4567 intrat
976 4499 1128 4568 canalem
1141 4495 1304 4593 Fallopr'i
1315 4501 1480 4589 iilumque
1498 4523 1656 4570 nerveum
1672 4503 1717 4571 ad
1734 4507 1887 4576 canalem

259 4635 445 4706 coroticum
461 4637 582 4720 mittit,
606 4633 798 4724 quodcum
814 4656 920 4703 nervo
937 4630 1173 4732 Sympatbr'co
1186 4636 1356 4730 jungitur.
1405 4639 1497 4709 liein
1514 4652 1657 4732 accepto
1676 4665 1770 4713 ramo
1789 4644 1886 4734 (13)

258 4771 452 4863 quodama
486 4773 695 4870 Trigemino
728 4769 798 4864 (5)
829 4783 865 4842 et
887 4773 995 4842 altero
1023 4772 1120 4866 (15)
1152 4769 1455 4872 aSympatlrr‘cO,
1492 4777 1595 4846 finem
1620 4780 1756 4848 tandem
1781 4781 1886 4852 habet

256 4913 294 4982 in
327 4911 481 4982 musculo
510 4907 746 5008 Styloglosso.
813 4913 869 4982 Ex
894 4914 1039 5006 ganglio
1069 4917 1229 4988 cervicali
1258 4939 1420 5010 supremo
1449 4911 1678 5012 Sympatlricr‘
1710 4921 1886 5016 egreditur

254 5075 362 5146 porro
380 5072 494 5121 ramus
512 5051 556 5120 ad
579 5047 788 5122 Carotr'dem
805 5052 1021 5152 descendens
1037 5053 1140 5147 (11),
1161 5057 1221 5146 qui
1235 5077 1314 5126 eum
1330 5057 1397 5126 bac
1412 5057 1538 5124 arteria
1552 5058 1740 5126 secundom
1758 5063 1884 5130 collum

256 5192 418 5264 decurrit
476 5191 606 5260 Ramus
621 5199 761 5280 quartus
786 5191 937 5284 denique
954 5192 1052 5286 (2⁰)
1070 5192 1176 5287 buius
1195 5195 1330 5288 ganglii
1350 5194 1532 5264 introrsum
1556 5195 1720 5285 vertitur,
1756 5210 1791 5268 ct
1805 5221 1884 5269 curn

1469 5331 1494 5402 li
