4678 6170
270 851 341 923 pas
360 841 444 924 trop
462 823 501 896 Io
521 827 651 898 raison
669 819 717 895 de
733 845 802 894 son
819 824 1016 894 onomaton
1043 843 1091 892 ou
1111 821 1159 895 dc
1178 848 1224 895 so
1243 821 1409 894 deacente
1424 819 1523 896 dans
1547 821 1710 896 coenat
1728 821 1913 898 verterat

269 989 367 1064 pour
381 979 504 1037 entrer
530 987 578 1036 ou
593 984 691 1059 pour
709 964 825 1034 metir
844 983 918 1057 par
934 957 967 1030 le
983 975 1066 1032 troo
1083 935 1239 1034 de'clnire
1251 959 1492 1058 poste'rieur.’'
1564 964 1663 1034 ld·
1692 985 1770 1034 cum
1794 977 1909 1037 censet

274 1128 396 1176 nervos
413 1127 480 1174 non
497 1106 533 1172 in
551 1103 695 1173 cerebro
715 1111 750 1170 et
774 1100 926 1170 medulla
942 1101 1069 1192 epinali
1095 1104 1232 1174 radices
1251 1127 1329 1174 enne
1350 1103 1502 1193 habere,
1530 1105 1596 1174 eod
1616 1106 1653 1173 iu
1672 1106 1831 1199 organis,
1861 1108 1909 1176 ad

273 1273 362 1341 quae
379 1249 591 1342 pertineant,
612 1247 658 1317 ab
676 1247 754 1338 ipeo
771 1242 993 1317 Aoocssorio
1010 1253 1251 1338 argumentum
1268 1244 1375 1336 petit,
1399 1265 1470 1334 que
1489 1244 1579 1314 lnunc
1597 1267 1694 1315 nam
1708 1232 1908 1316 sententiam

274 1388 477 1480 comprobet
499 1381 563 1477 ¹⁵).
612 1383 699 1472 „Lo
715 1381 881 1470 marche,
904 1383 1034 1472 inquit,
1058 1377 1105 1452 de
1120 1403 1161 1451 ce
1173 1377 1270 1476 ncrf
1277 1377 1310 1450 lc
1326 1377 1421 1451 rcnd
1436 1405 1485 1451 un
1499 1377 1565 1454 cles
1575 1379 1658 1477 plus
1670 1379 1909 1486 convenoblcs

270 1547 368 1622 pour
385 1521 578 1620 apprecier
603 1538 710 1592 notre
729 1518 781 1592 lei
806 1517 853 1591 de
869 1517 1116 1616 neurogc'nic5
1141 1521 1187 1618 je
1210 1542 1256 1588 ne
1279 1513 1357 1588 l'oi
1377 1541 1451 1622 pos
1470 1541 1607 1616 opercu
1630 1517 1728 1591 duas
1745 1517 1781 1591 Ic
1800 1517 1914 1592 conat

274 1659 461 1736 vertebra!
474 1684 540 1734 eur
556 1659 622 1734 des
641 1655 716 1731 tres
726 1661 858 1758 jannes
875 1654 1072 1755 eorbryons
1089 1653 1138 1726 de
1156 1652 1352 1744 l’lrourme,
1374 1652 1421 1750 dc
1435 1659 1545 1746 occu,
1577 1672 1613 1729 et
1630 1655 1678 1729 de
1694 1653 1840 1745 breem·
1865 1662 1910 1760 je

274 1799 361 1875 dois
381 1796 554 1898 toutefois
574 1819 727 1886 ovouer,
758 1819 828 1896 quc
839 1799 885 1896 J'e
901 1792 985 1867 n'ai
998 1818 1072 1893 pos
1092 1818 1135 1865 eu
1155 1791 1367 1866 l'occasion
1394 1791 1442 1866 de
1457 1793 1493 1867 te
1510 1797 1630 1868 miore
1652 1795 1750 1870 dans
1766 1821 1837 1870 aon
1855 1803 1911 1870 iu·

276 1943 437 2028 sertion,
462 1959 601 2009 comme
609 1938 656 2035 je
674 1933 698 2004 l’
708 1939 747 2006 ci
755 1936 838 2028 fait
853 1956 950 2032 pour
970 1932 1021 2004 les
1036 1927 1140 2023 'nerse
1156 1929 1364 2004 crdnicns.’'
1425 1935 1564 2007 Deinde
1583 1947 1737 2009 recenset
1757 1938 1910 2010 diversae

276 2081 475 2150 animalium
493 2079 640 2165 claeeee,
673 2101 779 2168 quae,
813 2085 851 2145 nt
870 2076 945 2168 ipse
964 2075 1105 2164 quidem
1126 2073 1307 2164 opinatur,
1340 2075 1561 2146 Accessorio
1591 2088 1727 2166 carent,
1761 2089 1795 2149 et
1823 2103 1911 2170 quae

275 2219 417 2290 naevia
437 2225 536 2310 putat
554 2239 575 2286 a
592 2239 630 2288 ee
645 2213 797 2302 inuenta,
820 2214 867 2284 ad
883 2215 1116 2308 opinationem
1135 2233 1230 2282 suam
1254 2213 1301 2284 de
1320 2214 1457 2308 origine
1471 2235 1654 2286 nervorum
1671 2217 1910 2289 affirmandam

275 2359 429 2429 adhibet
479 2357 568 2426 Num
584 2377 663 2426 cum
682 2355 824 2442 avibus,
848 2353 1051 2446 reptilibus,
1075 2351 1230 2445 piscibus
1248 2355 1285 2422 in
1306 2355 1449 2448 regione
1468 2355 1630 2426 cervimli
1649 2357 1822 2428 medullae
1839 2361 1910 2452 epi·

275 2499 363 2570 nulio
378 2497 493 2566 omniu
506 2491 627 2564 eedem
648 2501 778 2580 meent,
803 2515 892 2582 queo
910 2491 1147 2562 mammalibua
1165 2493 1201 2562 in
1221 2493 1342 2563 eedem
1356 2494 1517 2588 regione,
1541 2517 1608 2564 non
1624 2518 1726 2588 posse
1744 2499 1910 2591 cogitari,

277 2658 380 2725 quam
396 2633 443 2702 ob
462 2655 554 2720 rem,
584 2633 615 2702 ei
632 2629 872 2703 Accessorius
894 2607 1016 2700 revera⁴
1029 2654 1059 2704 ,e
1081 2629 1233 2701 medulla
1247 2633 1375 2724 spinuli
1400 2633 1568 2721 oriretur,
1601 2635 1632 2704 ie
1652 2659 1717 2706 nen
1737 2637 1831 2730 apud
1849 2639 1911 2708 illa

277 2772 474 2844 animalium
494 2789 622 2867 genem
644 2771 863 2862 reperiretur.
914 2771 1045 2840 Verum
1070 2770 1131 2839 illa
1152 2771 1312 2841 animalia
1336 2771 1406 2842 illie
1429 2769 1586 2865 partium
1610 2797 1748 2864 carere,
1786 2778 1912 2867 quibus

276 2912 517 2986 Accessorioc
555 2911 717 2998 serviret,
759 2911 923 2982 murculle
954 2912 1113 2980 nimirum
1145 2914 1234 2984 colli·
1266 2921 1301 2984 et
1333 2913 1499 3004 cemele,
1542 2916 1604 3005 qni
1639 2915 1774 2986 thoraci
1815 2918 1914 2990 ullixi

278 3063 396 3128 meent
454 3054 574 3144 ltaque
599 3053 689 3122 lnnec
711 3053 868 3123 mimalia
892 3073 971 3122 cuur
995 3047 1219 3124 Accerserio
1243 3063 1416 3141 carerent,
1447 3047 1513 3122 non
1534 3053 1680 3124 dubium
1704 3075 1799 3144 eene,
1829 3057 1911 3147 quin

278 3206 352 3267 tum
369 3197 508 3266 demum
530 3205 659 3267 exteret
680 3193 937 3282 Accessorius‚
961 3195 992 3266 ei
1008 3195 1061 3263 illi
1077 3193 1223 3263 musculi
1241 3192 1418 3274 aternam
1443 3193 1504 3262 ubi
1524 3202 1643 3264 contra
1661 3195 1912 3288 ticiniensem,

278 3331 397 3402 aberae
420 3334 522 3402 etiam
546 3331 814 3408 Acceraorium·
863 3333 984 3423 ltaque
1008 3333 1225 3404 manifetum
1252 3353 1342 3420 esee,
1368 3354 1436 3402 neu
1460 3354 1481 3401 e
1502 3331 1657 3404 medulla
1680 3335 1822 3428 spinuli,
1846 3337 1913 3408 eed

281 3495 323 3543 ex
344 3472 415 3544 illia
439 3473 603 3544 mumlie
628 3494 706 3541 eunr
731 3471 868 3542 radicet
893 3493 971 3542 eune
995 3495 1110 3566 agere

567 3960 1626 4090 onrursncuuoum

774 4175 1091 4256 Securo
1147 4177 1424 4262 PRIMA.

353 4345 670 4431 &cernantur
698 4347 882 4430 virorum
911 4345 1131 4432 doctorum
1159 4345 1210 4432 dc
1236 4368 1392 4434 notura
1422 4367 1461 4435 et
1476 4349 1698 4457 fitnctionc
1725 4356 1842 4437 novi

843 4503 1088 4590 Accerserit
1119 4506 1354 4590 sententiae.

1025 4743 1229 4872 eu,

368 4922 583 5014 Quamquam
601 4928 763 5019 equidem
780 4950 921 5017 censeo,
947 4928 1008 5019 qui
1023 4928 1070 5000 de
1085 4951 1124 4998 re
1138 4927 1253 5022 eliqua
1269 4953 1392 5002 novam
1407 4935 1609 5006 sententiam
1621 4934 1794 5026 proferat,
1817 4934 1861 5004 ub
1876 4957 1917 5006 eo

285 5083 351 5132 non
364 5083 501 5155 semper
518 5063 557 5131 id
573 5087 674 5158 poene
694 5067 806 5162 exigi,
829 5076 868 5138 ut
882 5089 1000 5140 omuea
1019 5067 1215 5162 opiniones,
1240 5094 1328 5161 quae
1349 5071 1394 5143 de
1416 5072 1537 5143 eadem
1556 5073 1755 5164 quaestione
1774 5071 1820 5144 ab
1841 5071 1918 5142 aliis

285 5221 515 5239 ψ

318 5299 368 5368 re)
385 5301 492 5358 sena
507 5302 526 5356 ι.
542 5302 562 5356 1.
580 5318 606 5373 p.
623 5301 685 5358 eu.
