4672 6172
375 545 377 554 “
428 535 481 612 td

427 736 571 828 spinalis
591 745 627 806 ot
642 737 859 832 oblongntae
917 739 1063 812 &alent
1084 763 1122 812 se
1139 743 1186 811 ad
1211 746 1310 840 Vngr‘
1330 744 1468 816 radices
1492 745 1589 839 (2),
1626 757 1661 816 et
1678 747 1835 840 plurimis
1862 752 1898 821 in
1921 751 1989 824 lnac
2007 754 2063 824 via

428 897 449 943 a
467 877 621 946 medulla
636 878 822 972 oblongatn
839 877 938 950 ad'se
956 881 1074 950 tractis
1090 880 1274 971 radiculis,
1299 892 1391 955 totns
1410 905 1488 954 cnm
1509 891 1615 984 Vago
1640 889 1794 958 nectitur.
1847 895 1973 988 Vagus
1991 893 2064 985 (8)

429 1017 553 1086 relicto
570 1018 688 1088 cvanio
707 1018 889 1088 descendit
910 1021 1099 1090 secundnm
1116 1011 1263 1109 collum,
1296 1014 1426 1092 nnllnm
1443 1025 1548 1092 alium
1565 1047 1706 1095 nervum
1723 1029 1893 1116 emittens,
1928 1040 2067 1121 praeter

431 1155 518 1226 duos
536 1160 686 1227 ramulos
708 1160 997 1230 communicantes
1016 1161 1062 1228 ad
1090 1155 1491 1258 Glossoplraryrrgeum.
1550 1163 1602 1232 lta
1621 1164 1712 1233 enirn
1727 1167 1971 1256 appellandum
1991 1187 2067 1238 esse

319 1299 330 1313 '
431 1315 574 1366 nervum
590 1299 660 1390 (4)
689 1309 792 1388 puto,
825 1300 885 1388 qui
903 1301 1061 1393 proxime
1081 1301 1128 1369 ad
1152 1305 1295 1398 Vagam
1317 1303 1451 1372 dnobus
1469 1303 1538 1373 lilis
1566 1329 1585 1375 e
1604 1305 1723 1374 cronio
1747 1306 1945 1399 egreditur,
1970 1308 2068 1376 etad

429 1438 587 1532 lingnam
606 1437 719 1507 tendit
739 1435 819 1530 (5).
875 1440 966 1526 Quia
984 1451 1098 1510 autem
1117 1440 1235 1526 timui,
1269 1463 1314 1510 no
1332 1443 1430 1535 Vogi
1447 1451 1482 1512 et
1496 1425 2068 1536 Accessoriilradices'abrnmpe·

430 1597 523 1662 rem,
549 1575 636 1644 haec
653 1575 712 1643 lila
736 1577 880 1646 ulterius
902 1578 1066 1669 prosequi
1091 1598 1159 1645 non
1183 1599 1284 1648 ansus
1305 1601 1389 1648 snm
1451 1579 1586 1650 Eodem
1607 1580 1712 1650 modo
1732 1604 1798 1650 non
1814 1603 1956 1672 prorsus
1977 1584 2067 1670 scio,
2126 1637 2131 1648 .

430 1737 472 1784 an
491 1735 614 1785 nervos
637 1715 725 1806 (Ἰ),
749 1716 809 1804 qui
830 1731 910 1784 cum
930 1717 1031 1786 tertio
1048 1717 1270 1786 cervicalium
1287 1739 1392 1787 nervo
1411 1717 1481 1809 (Β)
1491 1715 1671 1812 jungitur,
1697 1727 1732 1788 et
1748 1720 1793 1787 ad
1809 1720 1962 1812 lingnam
1979 1741 2066 1810 qno·

429 1873 499 1942 que
513 1854 560 1922 ad
575 1855 719 1947 ejusque
740 1857 914 1924 musculos
930 1855 1058 1940 tendit,
1082 1855 1165 1947 jure
1185 1875 1307 1926 nervus
1322 1852 1579 1951 Hypoglosrus
1594 1857 1821 1948 appellandus
1839 1858 1894 1926 sit.
1954 1858 2067 1951 Negat

429 1994 573 2083 qnidam
589 1994 860 2083 Dssnrounrnms,
885 1992 985 2062 hunc.
999 2015 1141 2062 nervum
1159 1995 1193 2060 in
1212 1988 1357 2062 Sam-iis
1374 1995 1537 2077 inveniri;
1561 2017 1679 2065 verum
1698 1996 1727 2063 si
1747 1995 1952 2066 testudinem
1966 2018 2067 2065 enro-

428 2153 591 2222 ropaeam
608 2133 777 2223 respicio,
806 2131 868 2206 hic
886 2153 1011 2202 nervus
1035 2141 1193 2201 accurate
1218 2132 1273 2200 illi
1296 2155 1400 2202 nervo
1427 2135 1637 2226 respondere
1661 2135 1747 2204 milri
1772 2135 1931 2224 videtur,
1965 2159 2066 2226 quem

429 2271 584 2340 Bornnns
603 2280 641 2340 ut
663 2267 937 2368 Hypoglossnm
960 2272 1137 2340 describit
1194 2272 1298 2343 Hunc
1324 2297 1462 2364 quoqne
1493 2297 1535 2344 ne
1559 2280 1702 2371 Vugum
1730 2276 1924 2364 laederem,
1959 2299 2067 2367 usqne

429 2412 475 2480 ad
491 2413 663 2505 originem
685 2434 750 2502 per
770 2413 922 2481 cranium
939 2413 1102 2506 prosequi
1125 2435 1193 2481 non
1210 2431 1311 2482 ansus
1329 2434 1414 2482 sum.
1448 2451 1498 2464 --
1533 2414 1696 2481 Proxime
1715 2413 1762 2482 ad
1778 2414 1843 2482 laos
1859 2437 2014 2502 necros,
2031 2425 2066 2484 et

428 2553 524 2620 virle
540 2551 584 2620 iis
599 2550 816 2641 implicatus,
849 2573 972 2623 nervus
991 2547 1249 2648 Sympathicus
1265 2548 1338 2642 (li)
1360 2574 1380 2619 e
1398 2553 1516 2621 cronio
1532 2550 1732 2645 egreditur,
1757 2560 1793 2620 et
1808 2573 1897 2640 pone
1926 2556 2067 2647 Vagam

428 2691 464 2760 in
489 2692 581 2760 collo
608 2691 774 2759 decurrit

528 2830 569 2897 ln
590 2825 870 2923 Amphisbacnu
884 2825 972 2900 alba
996 2831 1084 2899 dnos
1100 2829 1209 2921 pedes
1224 2830 1330 2924 longa
1357 2829 1469 2922 (Tab.
1483 2827 1525 2898 V.
1548 2826 1752 2920 Fig.111.),
1784 2849 1886 2918 qnam
1911 2825 2065 2915 Manna,

428 2969 494 3040 Vir
514 2971 583 3058 itt,
609 2993 652 3042 ex
671 2991 789 3042 museo
809 2971 1002 3040 anatomico
1023 2969 1213 3042 Bonnensi
1237 2970 1477 3040 liberalissime
1502 2967 1590 3035 mihi
1609 2967 1860 3058 suppeditavit,
1891 2963 2067 3038 Acoesso·

428 3111 507 3179 rius
519 3112 624 3201 paulo
637 3132 741 3200 snpra
755 3110 891 3180 radices
905 3110 1009 3201 primi
1023 3111 1117 3200 paris
1132 3111 1352 3179 cervicalium
1367 3134 1387 3178 a
1402 3109 1535 3201 postica
1550 3115 1648 3199 parte
1667 3106 1839 3174 medullae
1856 3106 2066 3201 oblongatac

429 3251 538 3318 oritur
554 3250 633 3340 (1).
690 3248 841 3318 Accedit
861 3257 935 3317 tum
954 3248 1000 3318 ad
1019 3249 1153 3320 radices
1177 3251 1275 3344 Vagi
1295 3248 1384 3340 (2),
1418 3257 1452 3348 et
1477 3246 1561 3316 huic
1581 3267 1684 3317 nervo
1708 3242 1881 3332 adnexus,
1919 3266 1997 3315 cnm
2025 3267 2072 3314 eo¹

428 3411 492 3482 per
514 3390 608 3457 ldem
626 3388 779 3458 foramen
796 3411 816 3456 e
834 3389 950 3458 oranio
968 3389 1046 3458 exit
1103 3389 1211 3459 Extra
1230 3391 1383 3458 cranium
1402 3411 1534 3458 ramum
1552 3388 1784 3458 tenuissimum
1804 3388 1976 3456 internum
1996 3385 2066 3476 (8)

428 3527 535 3598 mittit
557 3527 603 3597 ad
622 3530 765 3622 Vagam
775 3551 789 3610 ,-
826 3536 984 3596 externus
1004 3535 1119 3596 autem
1144 3549 1257 3596 ramos
1278 3529 1346 3616 (5)
1377 3529 1422 3593 od
1440 3528 1610 3594 musculos
1630 3529 1777 3596 cervicis
1799 3529 1954 3610 delatus,
1987 3547 2066 3593 cum

427 3668 542 3758 primo
557 3652 627 3757 (i)
648 3675 682 3735 et
696 3667 851 3734 secundo
865 3665 935 3757 (6)
956 3665 1178 3736 cervicalium
1197 3662 1273 3756 parl
1294 3661 1502 3731 tenuissimis
1519 3660 1588 3730 filis
1606 3659 1774 3754 jungitur.
1841 3665 1966 3755 Vagus
1990 3661 2067 3752 ipse

429 3805 465 3872 in
493 3804 580 3874 duos
606 3803 776 3872 dividitur
799 3825 929 3888 ramos,
969 3823 1116 3892 qnorum
1136 3801 1282 3870 crassior
1304 3799 1350 3870 ad
1372 3800 1527 3894 linguam
1555 3799 1684 3887 tendit,
1719 3799 1853 3869 tenuior
1879 3800 2066 3870 secundum

429 3942 604 4010 tracheam
631 3945 793 4012 decurrit

503 4078 544 4146 ln
563 4076 724 4148 Lacerta
740 4074 896 4172 ocellcta
913 4078 1025 4170 (Τὼ.
1034 4080 1076 4149 V.
1091 4078 1170 4173 Fig.
1180 4078 1260 4170 IV.)
1281 4100 1307 4147 s.
1318 4077 1583 4172 margar-itata,
1606 4098 1709 4166 quam
1728 4075 1884 4168 ejusdem
1900 4077 2066 4162 annnr,

430 4216 509 4285 Virl
527 4218 576 4285 ill.
586 4266 598 4300 ,
621 4216 826 4286 liberalitate
846 4227 965 4285 nactus
980 4240 1074 4305 sum,
1098 4218 1198 4288 radix
1219 4182 1432 4287 Accessorii
1448 4214 1528 4304 (1),
1550 4215 1582 4283 si
1599 4236 1677 4284 cum
1692 4213 1868 4283 radicibus
1891 4213 1989 4307 Vugi
2008 4211 2065 4303 (2)

431 4368 667 4450 comparatur,
693 4358 774 4428 satis
799 4380 925 4452 magna
946 4384 965 4428 e
983 4359 1116 4450 postica
1132 4369 1231 4449 parte
1247 4352 1421 4421 medullae
1436 4353 1578 4442 spinalis
1597 4353 1632 4420 in
1648 4355 1793 4446 regione
1808 4349 1949 4418 secundi
1969 4349 2065 4417 nervi

431 4493 611 4564 cervicalis
628 4495 757 4598 oritur,
792 4506 826 4565 et
848 4493 964 4566 tribus¹
977 4497 1169 4566 minoribns
1188 4495 1353 4564 radiculis
1376 4517 1396 4563 a
1413 4494 1564 4564 medulla
1582 4494 1765 4584 oblongata
1786 4510 1902 4557 secum
1918 4486 2067 4578 junctis,

418 4635 465 4734 'in
486 4646 601 4728 partes
633 4639 730 4730 Vagt
755 4637 969 4706 adsciscitur.
1029 4639 1097 4708 lli'c
1123 4659 1246 4707 nervus
1273 4637 1386 4705 statim
1411 4647 1490 4727 post
1510 4655 1685 4726 egressum
1713 4631 1868 4700 ecranio
1895 4632 2067 4708 nonnullis

432 4776 593 4843 musculis
623 4774 672 4842 ibi
698 4775 809 4842 affixis
834 4797 966 4843 ramum
988 4776 1060 4866 (ὅ)
1090 4777 1216 4862 tradit,
1254 4776 1313 4864 qni
1342 4796 1435 4841 ramo
1458 4782 1596 4842 externo
1621 4767 1831 4840 Accerserit
1862 4771 2067 4862 responden

348 4995 358 5020 .
434 4909 560 4977 deinde
588 4913 622 4980 in
650 4913 735 4982 duas
763 4911 931 4981 dividitur
958 4921 1092 5005 partes,
1126 4937 1271 5005 quarum
1294 4909 1404 5001 major
1427 4912 1645 4998 anteriorqne
1664 4909 1735 5001 (4)
1762 4910 1807 4978 ad
1828 4910 2065 5003 pharyngem,

433 5047 588 5140 lingnam
607 5058 641 5116 et
656 5051 831 5122 trocheum
852 5051 983 5142 tendit,
1008 5053 1115 5123 altera
1135 5053 1205 5147 (5)
1226 5050 1415 5154 secundnm
1430 5049 1557 5120 collum
1575 5049 1738 5120 decurrit
