4678 6170
444 799 494 870 At
506 798 671 868 facillime
684 797 832 882 eccidit,
859 805 896 866 ut
910 795 1053 888 mugnis
1069 796 1106 862 in
1120 815 1241 864 cavom
1254 791 1435 862 colomnae
1449 791 1652 860 vertebralis
1668 789 1943 884 profunderetur.
1983 793 2073 862 Nam

446 937 509 1008 etsi
527 935 647 1006 duram
665 943 806 1002 matrem
832 957 897 1006 noo
922 934 1019 1024 prius
1044 932 1184 1023 aperui,
1218 951 1321 1020 qoam
1348 931 1457 1023 omnis
1475 931 1654 1024 sanguinis
1678 931 1833 1021 profusio
1858 933 1896 1000 in
1918 941 2073 1001 externas

446 1081 560 1164 partes
577 1071 723 1140 inhibita
741 1081 857 1164 esset,¹
871 1073 900 1140 si
917 1071 1054 1158 qnando
1068 1071 1102 1138 io
1118 1069 1302 1160 aperienda
1317 1069 1403 1138 dura
1418 1078 1526 1140 matre
1541 1069 1629 1140 milri
1643 1070 1862 1163 contigisset,
1889 1081 1928 1140 ut
1943 1071 2076 1142 nullum

445 1213 555 1280 sinum
572 1210 766 1296 laederem,
790 1210 1001 1280 tumendum
1019 1210 1106 1278 intra
1126 1229 1247 1276 cavum
1267 1207 1437 1280 medullae
1450 1209 1591 1298 spinalis
1613 1229 1736 1276 nervos
1757 1207 2017 1300 deprehendere
2040 1221 2077 1280 et

444 1349 564 1418 forfice
580 1357 638 1416 aut
651 1349 762 1418 cultro
779 1349 949 1418 dissecare
965 1347 1106 1432 studm,
1131 1347 1235 1416 facile
1252 1347 1400 1434 accidit,
1424 1359 1462 1416 ut
1475 1348 1593 1438 aliquo
1609 1349 1764 1418 animalis
1780 1357 1873 1416 motu
1891 1348 2002 1416 culter
2018 1361 2078 1419 ant

444 1487 556 1556 forfex
578 1486 691 1556 sinum
721 1486 892 1574 quendam
923 1485 1085 1554 laederet
1135 1484 1284 1578 Sanguis
1309 1493 1424 1555 antem
1448 1487 1607 1556 continuo
1632 1486 1812 1559 evulnere
1830 1505 1988 1564 emanans
2002 1509 2077 1562 ,ooo

445 1630 557 1700 solum
575 1627 758 1718 impedivit
778 1628 957 1717 quominus
979 1647 1101 1696 nervos
1122 1626 1269 1716 amplius
1294 1647 1512 1714 quaererem,
1543 1626 1607 1696 aed
1631 1627 1733 1706 etiarn
1756 1625 1880 1718 majori
1901 1629 2076 1720 sanguinis

445 1764 643 1856 profusione
658 1766 793 1856 saepius
806 1765 954 1850 accidit,
976 1775 1012 1832 ot
1028 1766 1176 1834 minores
1192 1729 1508 1855 imbecillioresque
1522 1767 1651 1836 bestiae
1666 1766 1764 1840 illico
1780 1775 2001 1852 morerentur.
2026 1805 2076 1820 --

446 1904 665 1995 Quapropter
681 1903 821 1972 tandem
838 1906 910 1976 sola
927 1904 1067 1973 volsella
1085 1903 1177 1972 tenui
1195 1913 1229 1971 et
1244 1901 1376 1972 affabre
1389 1904 1479 1973 facta
1495 1905 1546 1973 uti
1561 1905 1680 1996 coepi,
1705 1928 1772 1995 qua
1791 1929 1933 1974 nervum
1951 1908 2077 1998 deprc-

445 2043 635 2113 henderem
654 2044 952 2134 et‘dlrnmperem.
1004 2042 1256 2112 verumetiam
1277 2040 1381 2132 hujus
1401 2043 1618 2112 instrumenti
1636 2067 1702 2136 ope
1722 2052 1863 2114 conatus
1881 2045 1977 2114 haud
1997 2045 2083 2128 feli-¹

447 2180 534 2250 citer
549 2161 721 2250 successit
776 2181 915 2284 Etenim
939 2204 1003 2254 oon
1026 2187 1124 2272 potui
1146 2204 1213 2250 noo
1238 2180 1429 2252 dilacerare
1454 2184 1602 2254 minores
1626 2185 1768 2253 arterias
1790 2193 1824 2252 et
1844 2177 1964 2268 venas,
1984 2207 2078 2272 ,quae

447 2318 497 2388 ibi
525 2320 712 2388 medullam
732 2321 952 2413 oblongatam
973 2331 1007 2390 et
1028 2318 1269 2392 Accessorior'
1291 2322 1489 2410 obducunt,
1522 2346 1592 2413 quo
1618 2324 1747 2392 factum
1775 2333 1844 2410 est,
1877 2331 1914 2391 ut
1936 2326 2078 2416 sanguia
2161 2373 2164 2382 ,

447 2457 544 2527 illico
559 2459 670 2527 onmia
687 2459 887 2550 obtegeret,
911 2460 958 2526 ita
973 2467 1011 2526 ut
1025 2479 1089 2529 nec
1103 2455 1346 2532 Accessorios
1364 2447 1529 2554 amplius,
1556 2485 1620 2536 nec
1636 2464 1733 2534 aliud
1750 2464 1836 2554 qnid
1849 2463 2077 2536 internoscere

446 2617 600 2688 possem,
617 2607 651 2665 et
666 2598 900 2688 experimento
916 2597 1017 2666 finem
1030 2597 1209 2690 imponere
1227 2582 1383 2692 cogerer.
1433 2599 1640 2693 Saepissime
1654 2613 1847 2672 ant-manus
1858 2604 1968 2680 miuus
1981 2612 2081 2672 caute

448 2737 604 2822 admota,
619 2743 676 2804 aut
690 2736 865 2806 subitanea
879 2737 1046 2824 quaedam
1062 2739 1218 2806 animalis
1236 2738 1411 2808 convulsio
1426 2761 1559 2808 omnem
1574 2761 1677 2829 quam
1690 2739 1928 2833 impenderam
1940 2763 2079 2834 operam

448 2877 582 2968 irritam
599 2876 762 2946 reddidit.
818 2877 914 2962 Quin
929 2879 1096 2970 superatis
1114 2879 1216 2947 etiam
1230 2876 1390 2946 omnibus
1409 2877 1691 2963 difficultatibus,
1720 2880 1919 2973 saepissime
1934 2880 2080 2966 accidit,

449 3025 487 3084 ut
503 3016 632 3086 bestiae
646 3015 844 3107 operatione
860 3014 936 3106 ipsa
950 3024 986 3084 et
997 3016 1173 3121 sanguinis
1186 3016 1384 3108 profusione
1400 3027 1470 3088 tam
1492 3019 1678 3090 exhaustae
1691 3030 1818 3110 essent,
1838 3030 1877 3090 nt
1890 3045 1985 3108 mox,
2004 3021 2076 3090 nul·

450 3156 517 3223 lam
533 3156 680 3246 amplius
696 3175 814 3225 vocem
833 3156 1043 3244 emittentes,
1066 3156 1262 3242 interirent,
1287 3155 1335 3224 in
1351 3165 1389 3224 ut
1406 3157 1487 3226 inde
1503 3159 1553 3226 nil
1567 3161 1654 3228 certi
1669 3158 1842 3252 conjicere
1855 3183 1998 3252 possem.

1197 3383 1232 3482 ς.
1281 3390 1340 3460 ar.

549 3574 710 3645 Tandem
723 3575 908 3664 aliqnando
926 3573 1073 3666 contigit
1090 3573 1196 3642 validi
1220 3595 1260 3644 ac
1280 3583 1360 3645 natu
1379 3576 1522 3666 majoris
1542 3579 1635 3646 cauis
1653 3578 1828 3668 pomerani
1846 3575 2083 3648 Accessnrics

452 3715 486 3784 in
502 3722 648 3800 utroque
662 3713 768 3780 latere
781 3712 929 3780 feliciter
945 3712 1124 3780 dissecare.
1147 3711 1235 3816 Cum
1251 3734 1317 3782 oon
1332 3714 1475 3780 multum
1492 3713 1660 3784 amisisset
1673 3716 1866 3806 sanguinis,
1887 3715 2084 3808 operatione

453 3853 559 3940 facta,
585 3852 709 3920 ceteris
723 3850 883 3941 paribus,
905 3850 1091 3919 admodum
1108 3851 1167 3918 ille
1185 3851 1299 3920 alacer
1315 3850 1518 3934 videbatnr3
1551 3875 1689 3938 rerum,
1717 3855 1768 3922 uti
1782 3851 1858 3946 jam
1875 3853 1921 3922 de
1936 3854 2014 3923 aliis
2029 3875 2086 3922 ca·

454 3994 571 4078 uibus,
596 3993 657 4082 qui
673 3975 871 4083 operatione
888 3993 933 4062 ad
945 4003 1079 4084 partem
1097 3993 1239 4082 quidem
1258 3993 1412 4063 defuncti
1429 4001 1542 4080 erant,
1568 3995 1845 4080 commavorum,
1877 3991 2085 4088 omnes-ejus

455 4130 619 4198 motiones
635 4129 820 4197 admodum
840 4131 995 4200 turbatae
1014 4140 1119 4205 erant.
1168 4130 1312 4224 Rigidis
1331 4131 1482 4221 pedibus
1501 4140 1659 4218 tanquam
1678 4152 1799 4201 somno
1820 4141 1855 4201 et
1869 4134 1949 4202 vino
1969 4132 2085 4226 gravis

454 4269 498 4336 ab
516 4289 581 4335 una
598 4267 642 4334 ad
656 4267 797 4335 alteram
814 4279 948 4358 partem
962 4268 1141 4353 titubavit,
1158 4277 1192 4336 et
1208 4289 1344 4334 omnem
1360 4275 1471 4334 motas
1485 4287 1563 4335 suos
1577 4269 1782 4339 moderandi
1799 4269 1991 4338 facultatem
2008 4270 2086 4358 pari

456 4409 559 4478 modo
579 4410 732 4478 amisisse
749 4410 949 4496 videbatur,
971 4432 1011 4478 ac
1027 4410 1260 4478 Fnonnmsrcs
1278 4405 1404 4474 bestias
1418 4404 1594 4476 cerebello
1611 4407 1702 4478 laeso
1721 4429 1798 4482 sese
1816 4427 1937 4504 gerere
1954 4415 2086 4500 narrat,

456 4559 665 4642 quapropter
681 4515 755 4641 ipse
768 4551 943 4620 cerebello
959 4551 1128 4619 motiones
1142 4550 1215 4643 regi
1231 4555 1336 4640 putat
1374 4545 1557 4614 Praeterea
1571 4547 1666 4618 cauis
1678 4544 1933 4650 sensibilitatem
1948 4567 2087 4635 qnoque

456 4711 592 4760 omnem
605 4690 755 4759 amisisse
769 4690 971 4776 videbatur,
990 4711 1052 4762 nec
1066 4689 1212 4781 amplius
1228 4689 1332 4756 ullam
1349 4667 1447 4754 dedit
1463 4681 1593 4754 doloris
1605 4684 1909 4776 significationem,
1926 4684 2089 4758 licetvel·

457 4832 596 4899 licarem
614 4839 650 4897 ct
664 4849 854 4920 pungerem
872 4851 968 4914 eum,
999 4849 1111 4916 oeque
1133 4825 1309 4894 ardentem
1333 4824 1367 4892 in
1386 4843 1502 4891 nasum
1521 4823 1596 4914 ejus
1612 4820 1808 4889 instillatam
1823 4822 2087 4915 cerae'signato·

459 4967 531 5032 riae
548 4978 682 5057 guttam
698 4965 824 5036 sentire
843 4965 1033 5033 videbator.
1091 4961 1228 5030 Nullam
1246 4963 1382 5031 omnino
1398 4963 1509 5032 edidit
1530 4983 1670 5048 vocem,
1697 4962 1759 5032 scd
1785 4985 1925 5032 rancum
1945 4973 2088 5032 tantum-

460 5102 564 5172 modo
582 5111 616 5171 et
633 5125 791 5194 asperum
810 5125 938 5174 sonum.
1002 5101 1094 5170 Octo
1111 5102 1166 5168 vel
1186 5101 1307 5170 decem
1326 5100 1400 5171 dies
1418 5101 1604 5169 immobilis
1624 5110 1659 5170 et
1675 5103 1811 5190 quietus
1833 5125 1936 5171 unum
1953 5123 2090 5193 semper

461 5243 576 5312 locum
588 5241 712 5326 tenuit,
730 5242 815 5330 quio
830 5240 961 5329 aliquid
978 5225 1096 5310 ederet
1109 5251 1166 5308 ant
1181 5213 1335 5322 biberet}
1360 5261 1477 5310 rernm
1493 5240 1523 5308 si
1537 5240 1661 5310 baculo
1677 5240 1885 5327 irritaretur,
1904 5239 2089 5308 admodum
