4646 6168
541 815 779 893 Accesrorius
790 815 994 910 piarumque
1008 813 1042 882 in
1054 809 1195 904 regiona
1204 805 1404 898 posterioria
1413 805 1540 876 radicis
1550 805 1637 874 sexti
1645 801 1969 896 pariacarvicalintu
1980 805 2102 874 ervir-

465 964 522 1058 gis
532 959 674 1054 posticis
684 955 856 1028 medullae
867 949 1135 1046 spinalisoritur.
1171 947 1605 1031 Numeruaradicularam,
1624 946 2021 1037 quibuscumamadulla
2030 949 2102 1040 spi·

468 1101 535 1174 nali
554 1109 589 1170 et
606 1097 809 1190 praesertim
824 1087 1206 1182 emedullaoblnngrta
1220 1087 1470 1176 proficiscitur,
1484 1086 1632 1156 invariis
1644 1085 1763 1156 bestiis
1780 1084 2101 1158 diversissimuanst

466 1239 661 1310 Memorato
685 1237 831 1330 dignum
851 1241 902 1303 est
932 1233 969 1302 in
992 1227 1087 1300 nullo
1112 1225 1251 1297 omnino
1276 1225 1414 1294 animali
1435 1220 1693 1298 Accessorium
1717 1226 1928 1317 comprimo
1949 1235 2008 1294 aut
2031 1227 2100 1296 alio

465 1377 616 1470 quodam
630 1397 810 1448 nervorum
826 1371 1067 1456 cervicalium,
1097 1368 1135 1440 id
1153 1364 1248 1457 quod
1272 1364 1307 1436 in
1323 1365 1463 1436 bomine
1480 1365 1678 1458 saepissima
1697 1363 1846 1448 accidit,
1878 1361 2101 1456 conjunctum

465 1516 685 1610 apparuisse,
710 1514 793 1584 licat
808 1511 960 1604 posticae
972 1510 1076 1602 primi
1090 1505 1311 1578 cervicalium
1323 1503 1418 1595 paris
1433 1503 1569 1572 radices
1582 1502 1881 1572 mrdtocrasaiores
1895 1503 2100 1594 plerumque

466 1659 535 1726 sint
553 1676 656 1746 quam
678 1655 715 1722 in
737 1653 886 1722 humano
902 1669 1058 1742 conpare.
1112 1645 1154 1714 ln
1178 1641 1338 1737 plurimis
1356 1640 1594 1711 Accessorrirs
1620 1653 1690 1710 tam
1710 1651 1805 1712 arcte
1825 1661 1905 1711 cum
1929 1636 2039 1736 Vago
2064 1641 2101 1712 in

465 1793 633 1865 foramina
649 1793 764 1862 lacon
782 1789 966 1874 cohaeret,
1003 1795 1041 1856 ut
1055 1788 1112 1854 vir
1134 1785 1179 1852 ab
1202 1806 1244 1852 eo
1264 1781 1495 1867 discernatur,
1520 1801 1669 1870 raroque
1684 1789 1799 1850 certae
1815 1780 1942 1866 libras,
1975 1749 2101 1872 tinibus

465 1934 553 2002 inter
573 1951 610 2000 se
628 1931 706 1999 nexi
722 1939 819 2012 sunt,
842 1929 1122 1996 internoscantur.
1180 1923 1376 2010 Utrumque
1402 1918 1505 2016 Vugr'
1526 1921 1696 2016 ganglion
1715 1930 1751 1990 et
1768 1922 1928 2014 saperius
1946 1931 1982 1992 et
1998 1943 2100 2016 praa·

463 2071 583 2140 sertim
601 2068 762 2154 inlerius,
789 2075 828 2136 ut
842 2086 946 2157 sopra
956 2063 1033 2156 jam
1049 2061 1186 2146 monui,
1210 2069 1404 2130 constanter
1420 2061 1598 2130 invenitur.
1658 2061 1789 2130 liumus
1808 2060 1855 2128 ad
1870 2083 1988 2130 aurem
2008 2073 2100 2132 exte-

466 2211 594 2278 riorem
619 2229 639 2276 e
656 2228 817 2299 supremo
835 2203 980 2300 ganglio
1005 2203 1146 2272 emissus
1174 2200 1379 2292 plerumque
1398 2198 1506 2268 multo
1523 2197 1671 2268 crassior
1688 2208 1739 2267 est
1763 2221 1865 2287 quatu
1888 2199 1925 2268 in
1940 2199 2098 2287 bomine,

464 2348 529 2418 aed
549 2369 627 2416 raro
644 2367 722 2416 eum
737 2366 874 2416 servare
889 2343 977 2412 mibi
994 2341 1160 2435 contigit,
1185 2343 1310 2409 cumei
1331 2341 1376 2409 ad
1396 2341 1587 2410 accuratius
1609 2337 1755 2436 chum
1775 2336 2100 2440 Accessorr'umque

464 2483 741 2579 praeparandum
760 2503 836 2552 ossa
853 2490 1128 2562 removerentur,
1153 2477 1214 2548 ille
1232 2475 1392 2570 abrumpi
1411 2481 1547 2550 soleret.
1607 2481 1756 2548 Remum
1780 2479 2037 2578 Phoryngeum
2056 2505 2099 2552 ex

464 2626 533 2694 filis
553 2620 765 2695 Accessorii
786 2630 820 2690 et
845 2617 949 2718 Vagr'
979 2627 1134 2687 constare
1159 2616 1193 2686 in
1217 2619 1321 2687 variis
1338 2618 1544 2687 animalibus
1568 2621 1679 2712 magis
1705 2621 1857 2688 minusve
1878 2621 2097 2712 perspicuum

466 2774 537 2851 est,
568 2773 670 2856 prout
688 2762 748 2832 bic
766 2782 881 2830 ramus
898 2760 1000 2828 altius
1022 2758 1234 2845 inferiusque
1258 2779 1279 2823 a
1299 2751 1344 2822 V
1337 2775 1410 2852 ugo
1435 2754 1605 2840 discedit,
1640 2779 1775 2849 semper
1796 2781 1878 2828 vero
1896 2759 1942 2828 ab
1960 2770 2099 2830 externo

379 2947 384 2964 .
465 2909 499 2972 et
518 2901 687 2995 superiori
705 2899 811 2991 hujus
830 2899 925 2968 nervi
942 2898 1049 2966 latere
1070 2895 1188 2964 oritur.
1247 2893 1375 2964 Contra
1398 2891 1619 2992 Leryngerrs
1637 2898 1806 2989 superior
1826 2897 2033 2990 plerumque
2056 2920 2100 2968 er

463 3041 565 3111 tertia
580 3049 679 3134 parte
692 3037 863 3130 superiori
879 3035 1024 3106 secundi
1045 3031 1088 3104 V
1083 3036 1148 3130 agi
1164 3034 1301 3127 ganglii
1321 3034 1395 3103 sive
1410 3033 1533 3126 plexus
1547 3035 1826 3128 gangliolormis,
1851 3039 2039 3108 abinterno
2049 3039 2100 3106 in·

406 3143 412 3154 ¹
463 3181 652 3270 leriorique
673 3176 749 3270 ejus
773 3179 880 3248 latere
898 3177 1006 3264 idque
1027 3175 1094 3243 lata
1110 3174 1184 3242 basi
1198 3174 1324 3260 oritur,
1350 3183 1387 3242 et
1401 3173 1475 3243 lere
1491 3175 1555 3244 aab
1570 3177 1699 3268 angulo
1717 3186 1811 3246 recto
1825 3177 1870 3245 ad
1885 3175 2098 3276 Leryngem

464 3341 502 3389 se
519 3318 662 3387 conlert
712 3317 751 3386 ln
773 3315 931 3408 plurimis
951 3313 1085 3396 statim,
1109 3322 1291 3403 postquam
1313 3337 1333 3382 a
1360 3311 1472 3410 Vago
1497 3315 1674 3410 digressus
1696 3325 1764 3402 est,
1796 3318 1893 3386 iilum
1910 3319 2035 3388 iterum
2053 3320 2098 3388 ad

469 3455 514 3530 V
506 3481 615 3556 agum
635 3458 756 3544 mittit,
781 3454 877 3546 quod
893 3463 1073 3542 antequam
1089 3475 1168 3521 cum
1184 3475 1225 3520 eo
1241 3454 1500 3541 commiscetur,
1525 3478 1770 3548 saepenumero
1790 3477 1899 3545 usque
1916 3459 1960 3526 ad
1978 3469 2098 3550 pectus

457 3599 558 3692 juxta
572 3621 651 3668 enm
668 3597 842 3677 decurrit3
878 3615 941 3664 nec
958 3604 1070 3662 tamen
1092 3594 1160 3662 hoc
1181 3593 1276 3661 iilum
1302 3617 1479 3666 recurrens
1504 3617 1581 3666 com
1599 3621 1693 3666 ramo
1710 3597 1910 3696 Laryrrgeo
1925 3595 2100 3695 irfirr'orr'

461 3763 492 3811 s.
510 3734 737 3809 Recrrrrente
758 3735 926 3830 singulari
952 3734 1103 3824 quodam
1126 3757 1212 3803 nexu
1236 3735 1397 3828 junctum
1412 3745 1481 3823 est,
1512 3737 1574 3806 sed
1586 3737 1662 3830 jam
1680 3739 1777 3828 priua
1801 3734 1947 3835 Vagam
1972 3739 2100 3810 intrans

464 3879 672 3949 dissolvitur.
732 3877 990 3969 Saepenumero
1014 3876 1049 3946 in
1065 3874 1216 3945 secundo
1232 3873 1375 3970 ganglio
1394 3874 1483 3943 dune
1509 3875 1590 3944 illae
1605 3876 1781 3966 portiones
1806 3876 1991 3948 internosci
2018 3899 2098 3970 pos-

463 4029 559 4102 sunt,
585 4016 630 4084 dn
648 4037 717 4107 qua
734 4039 773 4084 re
789 4014 864 4108 jam
886 4013 1078 4104 supradixi
1104 4013 1165 4106 (cl.
1184 4009 1294 4110 §iii
1344 4009 1517 4109 fflnglion
1536 4016 1706 4086 cervicale
1726 4039 1924 4108 supremum
1945 4013 2098 4116 Sympo-

463 4153 554 4227 tlrr'cr'
573 4154 639 4224 altu
660 4155 705 4222 ad
730 4149 833 4250 Vogi
852 4153 1018 4247 ganglion
1041 4152 1227 4223 secundum
1253 4153 1485 4222 diversissimo
1511 4162 1580 4234 est;
1613 4153 1718 4223 modo
1736 4156 1825 4224 enim
1844 4177 1968 4248 supra,
1994 4157 2098 4225 modo

372 4375 380 4390 ·
461 4297 567 4385 inira,
590 4298 695 4366 modo
713 4297 874 4389 propius,
900 4297 1003 4366 modo
1021 4299 1182 4366 remotius
1209 4297 1252 4364 ab
1271 4291 1331 4362 illo
1350 4289 1453 4360 situm
1470 4301 1530 4360 est.
1590 4293 1724 4362 Nervus
1749 4289 2004 4391 rl'ynrpatlu'cus
2023 4295 2098 4386 ipse

410 4409 415 4420 ⁸
460 4437 536 4506 lere
558 4435 768 4530 inomnibus
785 4443 880 4506 arcta
897 4455 975 4504 cum
990 4457 1096 4504 neruo
1118 4431 1229 4530 Vago
1248 4429 1432 4516 cohaeret,
1465 4431 1513 4499 ita
1538 4441 1576 4500 ut
1599 4431 1658 4502 via
1683 4435 1795 4503 cultro
1820 4433 1865 4502 ab
1884 4457 1927 4504 eo
1946 4437 2098 4527 separari

462 4577 591 4670 poerit,
615 4578 644 4645 ai
664 4571 788 4660 ἃιεηι,
816 4571 989 4668 Leporem
1009 4569 1229 4660 cantarum,
1262 4571 1415 4669 Tulpum
1433 4597 1654 4671 errropueam
1674 4587 1709 4647 et
1726 4575 1872 4648 Murem
1887 4577 2099 4678 sylvuricrrm

464 4715 658 4806 exceperis,
690 4713 866 4805 inquibus
890 4710 1068 4804 sejunctus
1089 4713 1232 4803 quidem
1257 4735 1278 4784 a
1307 4709 1439 4812 Vugo,
1473 4715 1536 4784 sad
1553 4725 1666 4785 tamen
1687 4717 1845 4808 proxime
1868 4721 1900 4788 ei
1920 4717 2097 4812 adjecena,

455 4848 557 4942 juxta
583 4851 710 4922 collum
737 4849 926 4920 descendit

557 4991 629 5061 Sed
638 4991 714 5084 jam
729 4988 926 5058 describam
944 4985 1218 5074 Accessorium,
1244 4989 1304 5076 qui
1322 5001 1373 5060 eat
1392 4992 1427 5062 in
1442 4993 1612 5064 nonnullis
1628 4992 1736 5088 hujus
1751 4997 1871 5069 olearia
1886 4998 2100 5072 animalibus

552 5131 596 5198 ln
620 5125 704 5200 Fele
723 5127 833 5220 (Tab.
848 5125 891 5196 ll.
914 5125 992 5220 Εἰς.
1007 5126 1050 5218 l)
1072 5123 1313 5200 Accessnnns
1334 5131 1422 5200 intra
1439 5131 1598 5222 (idiotam
1617 5143 1653 5204 et
1671 5143 1806 5206 sextum
1824 5159 1965 5208 uenum
1984 5140 2100 5208 cerri·

365 5291 370 5304 ·
459 5267 569 5340 calesu
601 5269 757 5362 proxime
784 5265 829 5336 ad
858 5265 991 5338 radices
1011 5269 1221 5363 posteriores
1244 5269 1332 5342 sarri
1357 5269 1452 5362 paria
1482 5225 1677 5346 abutiaaima
1700 5275 1847 5370 cuspide
1874 5277 1985 5348 oritur
2018 5275 2100 5370 (l).
