4672 6172
437 652 528 728 38.

445 879 513 928 non
531 877 637 927 nexus
651 861 732 962 est,
766 853 829 923 sed
855 853 891 921 in
909 827 1054 945 regione
1078 849 1221 922 secundi
1241 853 1377 948 gauglii
1402 849 1505 949 Vngi
1532 849 1669 921 duobus
1686 849 1754 919 illis
1779 869 1858 918 eum
1881 849 1950 944 hoc
1976 871 2082 920 nervo

441 999 617 1094 jungitur.

545 1141 585 1210 ln
602 1111 889 1230 Mustehfoina
907 1133 1020 1203 omnia
1036 1132 1168 1224 pariter
1184 1153 1222 1201 se
1239 1130 1370 1201 habent
1387 1139 1491 1221 atque
1505 1131 1540 1200 in
1556 1131 1626 1200 isle
1643 1141 1678 1200 et
1695 1130 1805 1200 hirco.

544 1281 586 1354 lu
602 1265 752 1378 Myoxo
770 1271 1006 1348 moscardino
1025 1271 1264 1347 Accessorius
1279 1256 1392 1342 statim
1407 1293 1513 1366 snpra
1527 1273 1693 1366 posticam
1709 1273 1863 1342 radicem
1880 1273 1971 1342 tertii
1988 1275 2084 1342 nerui

446 1425 627 1519 cervicalis
648 1421 768 1493 oritur.
826 1417 990 1489 Ceterum
1011 1418 1095 1486 alias
1115 1437 1231 1486 omnes
1253 1419 1402 1486 rationes
1425 1413 1573 1514 Vagam
1594 1418 1683 1485 inter
1704 1425 1739 1484 et
1759 1391 2016 1486 Accessorr‘um
2037 1399 2084 1484 on

445 1567 604 1640 animalis
618 1565 822 1660 parvitatem
840 1563 1032 1633 accuratius
1048 1561 1220 1652 inquirere
1237 1583 1303 1628 non
1320 1561 1436 1652 potui,
1469 1558 1533 1630 sed
1548 1557 1672 1629 eodem
1692 1557 1795 1628 modo
1818 1580 1887 1647 quo
1907 1557 1941 1627 in
1961 1561 2086 1628 ceteris

448 1707 519 1803 jam
537 1705 722 1798 descriptis
738 1703 858 1775 bestiis
876 1723 951 1774 sese
967 1667 1097 1770 habere
1111 1699 1327 1792 videbantur.

549 1847 589 1919 ln
607 1841 717 1916 Mure
732 1858 832 1914 rotro
850 1837 1091 1914 Accessorius
1105 1841 1149 1911 ab
1166 1840 1289 1910 eodem
1304 1841 1406 1909 tertio
1423 1840 1646 1910 cervicalium
1662 1841 1738 1932 pari
1758 1841 1876 1908 oritur.
1897 1934 1899 1942 y
1925 1837 2086 1910 Ceterum

448 1999 485 2060 ci
503 1987 565 2058 hic
588 2009 711 2058 nervus
731 1993 765 2054 ei
788 1979 1159 2078 Glossoplraryngeus
1181 1979 1217 2047 in
1238 1977 1406 2048 foramine
1427 1979 1543 2050 lacero
1562 1961 1640 2049 cum
1667 1975 1713 2048 V
1704 2000 1778 2076 ago
1806 2001 1911 2048 nuum
1937 1989 2087 2050 unium-

447 2127 554 2198 modo
574 2146 715 2196 uervum
740 2123 889 2193 formare
913 2122 1092 2212 videntur,
1126 2132 1163 2189 ut
1182 2141 1294 2190 ramus
1312 2131 1470 2190 externus
1491 2119 1719 2206 Accessorii,
1747 2105 1793 2191 ad
1812 2123 1984 2192 musculos
2005 2124 2087 2192 colli

450 2276 486 2336 et
500 2265 646 2335 cervicis
663 2263 856 2354 pertinens,
881 2283 995 2331 ramus
1017 2257 1062 2329 V
1054 2261 1120 2355 agi
1139 2281 1213 2330 esse
1230 2260 1398 2330 videatur.
1449 2259 1572 2330 Cetera
1585 2263 1698 2330 omnia
1719 2260 1768 2330 uti
1786 2263 1822 2330 in
1840 2263 1964 2330 ceteris
1981 2286 2089 2332 mam·

451 2403 598 2474 malibus
616 2423 654 2472 se
670 2401 810 2471 habent
861 2401 1036 2493 Ganglion
1055 2419 1136 2468 vere
1157 2395 1287 2468 olivaro
1306 2395 1535 2498 Sympatbici
1552 2400 1587 2469 in
1601 2400 1668 2471 hac
1681 2401 1791 2471 bestia
1809 2400 1898 2470 inira
1919 2405 2088 2496 gangliou

451 2543 638 2617 secundum
664 2541 711 2613 V
702 2547 768 2640 agi
782 2545 902 2630 situm,
927 2551 963 2612 at
979 2535 1236 2640 Sympatdicrat
1251 2541 1327 2634 ipse
1347 2562 1426 2611 cum
1451 2539 1497 2612 V
1489 2565 1563 2640 ago
1578 2545 1720 2638 junctus
1740 2554 1801 2612 est.

542 2687 593 2754 ·ln
619 2681 737 2783 Talpa
754 2707 938 2780 errropuea
960 2683 1073 2775 (rab.
1093 2683 1138 2753 ll
1157 2683 1237 2777 Fig.
1252 2683 1295 2754 V.
1314 2685 1347 2754 A
1364 2695 1398 2755 et
1415 2685 1468 2777 B)
1489 2685 1535 2754 ad
1554 2687 1647 2756 tertii
1665 2687 1760 2757 nervi
1781 2689 1959 2759 cervicalis
1978 2693 2088 2781 posti·
2134 2765 2142 2782 ‚

367 2921 370 2930 ,
455 2849 532 2900 cam
550 2828 705 2898 radicem
723 2823 964 2900 Accessorius
991 2826 1189 2896 tenuissimo
1212 2825 1272 2895 iilo
1301 2825 1373 2918 (l)
1400 2826 1574 2920 originem
1602 2850 1622 2895 e
1648 2827 1801 2898 medulla
1831 2829 1953 2920 spinuli
1985 2828 2091 2898 ducit

338 3037 340 3046 ,
454 2969 496 3041 ln
514 2969 584 3042 hoc
600 2971 758 3059 animali,
791 2971 853 3040 etsi
872 2969 961 3039 illud
979 2992 1125 3062 parvum
1139 2980 1210 3056 est,
1236 2978 1347 3037 tumen
1362 2963 1605 3038 Accessorins
1622 2966 1788 3037 facillime
1804 2991 1824 3036 a
1846 2965 1892 3038 V
1884 2989 1956 3064 ago
1974 2978 2012 3037 ut
2026 2992 2091 3061 pe·

454 3107 594 3180 culiaris
619 3133 743 3180 nervus
771 3108 939 3203 distingui
967 3120 1081 3200 potest
1108 3107 1187 3201 (6).
1236 3075 1361 3178 Statim
1381 3120 1461 3201 post
1482 3133 1659 3204 egressum
1686 3111 1892 3181 eloramine
1911 3113 2027 3181 lacero
2055 3114 2089 3179 in

457 3247 543 3318 duas
574 3247 734 3337 aequales
767 3256 884 3339 partes
919 3246 1106 3334 dividitur,
1139 3268 1284 3336 quarum
1315 3251 1458 3321 interior
1490 3253 1562 3346 (Θ)
1595 3277 1670 3326 sese
1699 3274 1777 3324 cum
1815 3251 1860 3322 V
1852 3276 1926 3351 ego
1951 3253 2092 3348 jungit,

458 3387 607 3457 anterior
627 3385 701 3478 (t)
731 3387 776 3454 ad
797 3387 969 3456 musculos
986 3386 1068 3456 colli
1090 3394 1124 3456 et
1143 3387 1289 3460 cervicis
1314 3403 1412 3462 meat
1470 3395 1511 3464 lu
1528 3396 1681 3466 secundo
1705 3392 1806 3492 Vagi
1826 3399 1968 3490 ganglio
1995 3394 2093 3486 (1²)

459 3529 545 3601 (luas
570 3530 647 3599 illas
664 3529 856 3622 portiones,
890 3551 976 3619 quas
997 3550 1101 3620 snpra
1115 3530 1192 3621 jam
1216 3530 1261 3600 de
1283 3555 1344 3602 sue
1364 3533 1553 3622 descripsi,
1587 3536 1757 3626 distingui
1779 3537 1870 3604 licet
1919 3537 2034 3602 Etiam
2057 3536 2093 3601 in
2183 3526 2185 3532 ’

457 3675 524 3742 lrac
539 3673 650 3742 bestia
669 3671 834 3766 ganglion
849 3671 1020 3741 cervicale
1036 3689 1236 3761 supremum
1252 3668 1350 3760 (14)
1371 3670 1458 3738 infra
1477 3673 1663 3739 secundum
1687 3669 1733 3742 V
1725 3677 1791 3770 agi
1804 3676 1971 3767 ganglion
1989 3647 2092 3744 situm

458 3823 517 3886 est
567 3809 824 3912 Sympatlricuo
841 3813 934 3905 (13)
956 3815 1032 3905 ipse
1056 3833 1135 3880 cum
1161 3806 1207 3879 V
1198 3828 1272 3905 ago
1292 3832 1359 3877 non
1379 3808 1615 3902 conjungitur.

466 3935 469 3944 ⁵
558 3953 598 4023 ln
614 3953 773 4028 Mustela
793 3951 936 4053 vulgari
959 3953 1132 4046 (Tab.11.
1156 3950 1238 4045 Fig.
1256 3951 1340 4044 vi)
1358 3952 1599 4025 Accessorius
1619 3953 1654 4023 in
1673 3955 1816 4049 regione
1833 3957 1977 4026 secundi
2000 3962 2094 4028 uerri

458 4093 638 4166 cervicalis
661 4119 681 4164 a
697 4089 850 4164 medulla
866 4095 990 4187 'spinali
1009 4097 1119 4166 oritur
1139 4093 1219 4186 (1).
1267 4095 1308 4163 ln
1328 4094 1494 4165 toramine
1513 4095 1628 4164 lacero
1652 4089 1782 4192 Vagus
1803 4105 1838 4166 et
1855 4093 2094 4171 Aecessorius

458 4258 562 4308 nuum
580 4258 721 4305 nervum
740 4237 905 4306 efficiunt.
926 4252 931 4265 “
952 4237 1068 4307 Ambo
1091 4233 1193 4334 Vagi
1209 4237 1354 4331 ganglia
1376 4237 1425 4328 (3
1446 4247 1482 4306 et
1499 4235 1545 4327 6)
1565 4238 1722 4330 proxime
1741 4241 1809 4311 sibi
1827 4241 1892 4312 sita
1909 4252 2006 4330 sunt,
2031 4243 2094 4311 sed

458 4389 570 4448 tamen
586 4387 769 4468 uirumque
784 4378 887 4448 facile
902 4378 1069 4472 distingui
1084 4387 1208 4471 potest
1266 4377 1443 4469 Gauglion
1462 4379 1634 4450 cervicale
1649 4402 1854 4473 supremum·
1865 4383 1958 4474 (1⁰)
1979 4384 2012 4451 in
2027 4383 2095 4451 hae

459 4517 568 4586 bestia
586 4518 697 4611 magis
711 4540 815 4607 quam
832 4518 867 4587 in
885 4517 1186 4614 ceterisomnibus
1202 4517 1389 4588 asecundo
1409 4515 1455 4588 V
1447 4519 1514 4616 agi
1528 4521 1673 4614 ganglio
1695 4529 1862 4591 remotum
1878 4532 1937 4590 est.
1989 4517 2091 4620 Sym·

454 4655 626 4751 pathicus
644 4661 720 4752 ipse
745 4660 842 4753 (11)
866 4683 945 4732 cum
974 4656 1085 4758 Vago
1107 4659 1280 4754 jungitur.

557 4797 598 4866 ln
613 4792 724 4874 Mure
738 4795 914 4894 &leutico
931 4801 1044 4870 omnia
1059 4803 1133 4870 fere
1147 4799 1353 4872 verbotenus
1369 4801 1491 4870 eadem
1505 4811 1602 4890 suni,
1617 4811 1719 4890 atque
1737 4802 1771 4870 in
1788 4805 1931 4872 mustela
1940 4807 2099 4900 vulgari,

459 4947 718 5032 praeterquam,
744 4940 838 5032 quod
859 4934 1116 5040 Symputhicrts
1132 4949 1344 5031 separatusa
1366 4935 1411 5008 V
1403 4959 1478 5036 ago
1496 4940 1684 5010 secundum
1700 4943 1828 5012 collum
1848 4907 2011 5016 decurrit
