4672 6172
263 823 309 892 ari
333 823 505 892 internum
528 816 741 898 Aooooooru
766 835 917 905 ramum,
948 818 1009 907 qui
1033 815 1171 886 omnino
1194 819 1234 886 in
1257 818 1435 910 superiore
1457 831 1558 912 porto
1585 818 1688 919 Vagi
1719 825 1806 896 situs
1830 840 1883 900 ert

262 960 453 1051 pertinere·

169 1115 174 1122 ’
267 1161 271 1173 .
358 1099 439 1170 Non
452 1119 588 1190 rernper
604 1108 717 1168 tomen
737 1096 857 1168 erdem
877 1105 928 1168 est
944 1094 1138 1166 communio
1157 1091 1369 1167 Aooeosoru
1384 1115 1468 1168 cure
1483 1093 1615 1194 Vogo,
1639 1102 1774 1190 quatem
1789 1125 1892 1196 apro
1916 1061 1919 1076 .

262 1241 450 1332 descripai3
486 1237 600 1331 qnidi
625 1259 816 1327 nunquam,
841 1256 884 1308 ne
902 1236 957 1308 bia
973 1235 1115 1326 quidem
1130 1249 1274 1326 prorsus
1288 1237 1414 1308 eodem
1427 1239 1535 1318 modo
1553 1251 1781 1332 comparatam
1799 1245 1891 1332 ridi,

262 1401 304 1446 ne
326 1379 361 1446 iu
384 1375 538 1468 ejusdem
556 1375 697 1465 quidem
717 1375 874 1466 corperis
894 1375 1069 1449 lateribue
1116 1374 1251 1444 Divisio
1273 1397 1313 1444 rc
1336 1397 1442 1446 neruus
1461 1377 1637 1448 interioris
1654 1380 1742 1448 rmni
1757 1378 1892 1454 Aoos·

261 1519 355 1588 sarii
372 1537 450 1586 cum
469 1516 538 1586 iilis
558 1511 661 1611 Vogi
671 1559 691 1601 ,·
715 1524 750 1584 et
769 1516 946 1606 utriusque
968 1517 1064 1584 nervi
1086 1511 1304 1605 conjunctio,
1335 1515 1567 1586 diversissima
1584 1519 1713 1588 retiano
1735 1519 1892 1592 efficitur.

261 1656 470 1744 Plerumque
496 1619 736 1726 Accesscrius
763 1675 865 1724 unum
892 1653 1142 1740 tautummodo,
1192 1675 1296 1745 saepe
1321 1663 1434 1724 tomen
1462 1655 1564 1724 etium
1589 1658 1689 1728 binos
1707 1679 1819 1728 reuma
1846 1661 1892 1728 ad

266 1790 412 1890 Vogum
428 1794 562 1864 emittit
611 1792 994 1883 simplicissimorum,
1019 1813 1087 1882 qna
1103 1799 1247 1882 uterque
1264 1815 1387 1862 nerana
1404 1795 1491 1866 aiter
1509 1815 1587 1864 cum
1606 1795 1715 1864 altero
1731 1798 1893 1884 nectitur,

262 1939 390 2016 erest,
421 1951 490 2020 qua
511 1951 624 2002 ramur
638 1926 850 2000 Accerserii
867 1931 1020 2000 internus
1044 1930 1079 1998 in
1098 1929 1183 2000 duas
1202 1942 1318 2022 portes
1340 1933 1487 2020 divisas,
1505 1933 1665 2004 niteram
1690 1955 1822 2006 ramrrn
1846 1935 1893 2006 ad

262 2090 393 2138 romanu
410 2065 670 2164 Pbcryugeum
689 2068 821 2154 mittat,
839 2069 926 2138 aiter
947 2089 1066 2138 eorum
1087 2068 1122 2136 in
1141 2068 1281 2160 plexum
1297 2071 1590 2163 gaugiioiormem
1606 2089 1684 2142 cnm
1702 2072 1772 2142 iilis
1791 2069 1830 2142 V
1829 2073 1894 2168 ogi

262 2208 500 2300 conjungetur.
555 2204 686 2276 Omnes
702 2207 810 2300 hujus
825 2207 877 2276 rei
896 2206 1099 2278 variationes
1120 2211 1288 2280 recenseri
1308 2221 1498 2298 nequeunt3
1530 2211 1672 2282 Scurra
1692 2233 1753 2296 seu
1776 2231 1894 2282 earnm

262 2347 430 2418 describit
450 2355 485 2415 et
500 2346 623 2439 figuris
639 2347 817 2436 iilustrot,·
838 2367 1026 2435 omnesque
1044 2347 1091 2414 ad
1106 2367 1179 2415 enm
1197 2349 1312 2442 legem
1331 2350 1481 2443 redigit,
1516 2373 1560 2420 ax
1576 2373 1645 2439 qua
1665 2372 1778 2420 ramur
1794 2349 1894 2420 Poo-

240 2505 422 2580 maguus
444 2485 599 2570 duobus,
631 2509 651 2554 r
679 2485 793 2555 nervis
812 2483 1032 2556 Accesaorio
1060 2495 1094 2554 et
1120 2482 1230 2580 Vago
1252 2486 1422 2578 originem
1445 2488 1653 2558 ducentibus
1676 2489 1764 2557 ieter
1787 2509 1893 2577 seque

161 2703 166 2716 ι
263 2621 455 2714 conjunctis
483 2621 552 2691 tilis
587 2621 777 2708 efficiatur,-
814 2633 848 2692 et
876 2629 1041 2711 quonium
1073 2621 1159 2690 romi
1188 2623 1359 2694 interioris
1386 2621 1600 2696 Aaronom
1627 2625 1802 2716 reliquum
1831 2627 1893 2712 ait,

264 2769 393 2828 tantum
419 2759 624 2830 dissolvetur
648 2760 685 2828 in
708 2760 851 2850 plexum
873 2757 1179 2856 gangiioiormem‚
1205 2759 1308 2830 etad
1334 2726 1492 2832 unacum
1517 2757 1620 2859 Vagu'
1644 2774 1719 2834 tera
1741 2764 1894 2836 efficien-

264 2899 347 2968 dum
371 2907 445 2968 turn
470 2899 666 2992 augendum
692 2910 918 2970 consumatur.

1018 3063 1052 3198 g.
1100 3099 1134 3168 s.

365 3249 451 3318 (inm
473 3249 561 3318 inira
585 3249 679 3318 hunc
704 3250 843 3338 plexum
872 3245 1180 3348 ganglioiormem,
1224 3221 1456 3334 quodcunque
1474 3229 1699 3318 ‚Accesscrir'
1733 3255 1894 3336 tanquam

264 3387 447 3478 peculiaris
470 3387 566 3453 nervi
591 3385 774 3476 vestigium
788 3385 1005 3475 plerumque
1028 3391 1224 3470 evanescat,
1257 3384 1548 3474 opportunitatem
1571 3397 1688 3455 nactus
1707 3407 1815 3455 essem
1838 3407 1894 3471 ea,

264 3549 350 3614 quoa
373 3525 418 3594 de
437 3534 555 3593 nature
574 3523 679 3618 hujus
696 3503 790 3592 nervi
807 3522 994 3591 anatomica
1011 3521 1157 3592 dicendo
1171 3535 1287 3610 erant,
1313 3525 1413 3593 finem
1431 3526 1648 3616 imponendi3
1684 3528 1750 3594 nisi
1768 3527 1895 3594 multae

263 3676 534 3752 monteaureo,
557 3665 631 3757 (eas
646 3672 757 3734 autem
776 3665 921 3754 quisque
939 3685 981 3732 ex
1002 3663 1062 3749 iis,
1088 3683 1176 3751 quoe
1195 3661 1299 3752 paulo
1313 3662 1399 3731 inira
1418 3662 1571 3754 dicturus
1588 3685 1663 3734 sum
1681 3659 1894 3755 intelliget,)

263 3828 351 3894 quae
371 3830 426 3874 me
446 3814 717 3891 commoverent,
749 3813 788 3872 ut
810 3803 1038 3893 inquirerem,
1066 3801 1355 3892 quemadmodum
1385 3798 1514 3896 Vagus
1540 3801 1683 3872 ulterius
1716 3801 1894 3886 decurrat,

264 3965 352 4031 quoe
369 3941 601 4035 ejuspropria
617 3951 804 4024 structura,
837 3963 924 4028 qnae
944 3942 1121 4030 utriusque
1139 3935 1329 4035 Laryngei
1350 3949 1384 4008 et
1407 3939 1594 4029 superioris
1612 3951 1647 4007 et
1663 3937 1835 4007 inferioris
1849 3938 1896 4006 sit

265 4082 360 4148 ratio.
417 4079 614 4171 Composita
641 4077 684 4148 V
678 4081 743 4176 agi
763 4088 952 4164 structura,
988 4079 1048 4168 qui
1074 4099 1140 4145 non
1165 4077 1270 4146 modo
1296 4077 1412 4147 multis
1430 4076 1528 4146 tibris
1551 4077 1678 4164 oritur,
1713 4077 1776 4147 sed
1795 4075 1894 4169 cujus

264 4229 404 4287 truncus
430 4237 568 4307 quoque
596 4227 667 4286 toto
692 4241 753 4289 suo
779 4219 926 4298 decursu
956 4237 1121 4306 nusquam
1144 4242 1283 4289 nervum
1306 4217 1533 4310 aequabiliter
1555 4221 1740 4289 rotundum
1770 4219 1894 4306 efficit,

264 4361 394 4451 quippe
413 4323 473 4448 qni
494 4355 688 4448 epiuribus
705 4359 772 4426 filis
796 4359 1005 4450 compositus
1028 4379 1164 4450 semper
1183 4368 1367 4451 appareat,
1398 4359 1442 4428 ad
1467 4381 1568 4449 quam
1589 4368 1799 4428 structuram
1819 4359 1894 4450 ipsa

264 4521 366 4587 quom
382 4500 445 4568 init
461 4519 539 4567 cnm
558 4494 778 4567 Accessorio
798 4497 1012 4588 conjunctio,
1037 4499 1180 4566 multum
1201 4496 1303 4578 facin
1336 4497 1425 4565 haec
1443 4497 1580 4586 inquam
1601 4491 1645 4565 V
1638 4497 1703 4590 ogi
1723 4504 1894 4565 structure

264 4637 301 4704 in
317 4657 417 4706 causa
433 4636 518 4725 init,
537 4657 600 4707 eur
617 4637 792 4728 experirer
808 4656 887 4705 num
905 4635 966 4704 hic
981 4656 1105 4703 nervus
1121 4634 1155 4701 in
1171 4633 1306 4726 singula
1321 4634 1378 4701 iiia
1396 4633 1506 4701 dividi
1524 4643 1658 4725 posset,
1673 4657 1762 4723 quae
1778 4635 1892 4705 variae

265 4775 370 4868 hujus
388 4779 483 4846 nervi
506 4778 669 4848 functioni
693 4777 924 4846 convenirent.
986 4775 1116 4845 Auctor
1131 4771 1217 4842 mihi
1238 4773 1340 4842 etiam
1367 4773 1433 4842 fuit
1448 4773 1650 4861 Wrumsrus,
1682 4775 1742 4864 qui
1764 4775 1894 4866 ipsein

266 4917 391 4984 variam
409 4915 513 5006 hujus
527 4920 621 4986 nervi
636 4917 846 4986 functionem
860 4917 1034 5000 intentus,
1057 4914 1169 4986 simile
1186 4914 1272 5004 qnid
1285 4923 1388 5004 atque
1403 4935 1489 5008 ego,
1513 4915 1669 5006 opinatus
1683 4921 1741 4982 est
1792 4914 1894 4984 Putat

265 5058 359 5128 enim
381 5055 565 5125 Wuumsrus
593 5045 668 5148 ⁵³),
700 5057 792 5126 hunc
812 5079 953 5126 nervum
979 5057 1061 5126 ideo
1081 5055 1157 5147 jam
1178 5053 1291 5122 statim
1313 5051 1377 5121 sub
1393 5053 1470 5143 ipso
1486 5057 1565 5120 ortu
1588 5051 1686 5122 tibris
1707 5059 1893 5127 numerosis

297 5297 349 5363 54)
365 5295 511 5352 Wruurrrur
527 5293 547 5347 l·
563 5294 583 5348 1.
600 5293 665 5360 Gap.
681 5291 779 5348 XXIV.
