4646 6168
422 803 524 876 Hauc
542 803 694 874 radicem
713 801 908 874 masolam
932 797 1036 898 Vaga·
1050 742 1204 870 radicem
1221 817 1314 886 erse,
1338 803 1374 868 et
1391 817 1494 889 quem
1511 793 1766 868 accuratissime
1791 791 1901 863 radici
1920 787 2054 864 Accer-

316 973 321 990 ·
424 945 537 1032 corii,
568 965 659 1034 qnae
677 951 730 1012 eet
752 943 789 1014 in
816 941 1048 1012 mammulium
1071 938 1294 1032 corporibus,
1329 933 1556 1029 respondere,
1583 933 1649 1004 aad
1665 933 1768 1002 etiam
1793 931 1962 1024 singulari
1990 951 2053 1002 sue

425 1091 629 1154 structuras
649 1077 750 1172 Vugr'
764 1081 940 1150 radicibus
954 1101 1057 1171 quam
1073 1079 1220 1149 maxima
1236 1073 1430 1164 discedere,
1448 1075 1603 1165 quisque,
1623 1071 1684 1164 qui
1696 1093 1772 1141 mm
1784 1071 1922 1158 viderit,
1939 1071 2054 1162 primo

426 1221 592 1313 adspecta
606 1219 748 1290 edoctus
760 1219 959 1290 consentiet
996 1213 1099 1314 Vaga·
1114 1215 1207 1286 enim
1224 1215 1359 1286 radices
1373 1175 1549 1314 simplices
1563 1235 1700 1306 semper
1715 1213 1871 1283 oriuntur
1890 1221 1925 1316 et
1940 1212 2055 1282 statim

427 1371 521 1430 recte
541 1369 733 1432 mroraum
750 1359 798 1428 ad
816 1358 1098 1431 conformandum
1117 1357 1212 1426 noni
1232 1365 1391 1426 truncum
1413 1375 1488 1426 sese
1508 1361 1718 1424 convertunt
1776 1349 1904 1422 Contra
1921 1347 2056 1422 Accer-

426 1501 521 1571 scrr‘r'
540 1501 640 1569 radix
661 1498 721 1570 ilia
737 1499 929 1570 acutissima
952 1499 1080 1587 ubique
1098 1497 1244 1590 cuspide
1270 1496 1397 1584 o'ritnr,
1432 1505 1466 1564 et
1487 1493 1674 1564 ascendens
1693 1492 1853 1583 pluribus
1872 1491 2055 1577 radiculis,
2125 1579 2132 1586 ,

427 1659 513 1728 ques
536 1637 726 1708 amedulia
745 1637 869 1730 spinuli
889 1646 924 1707 et
939 1632 1126 1730 oblongata
1152 1635 1197 1704 ad
1217 1655 1264 1732 ‚se
1290 1631 1416 1720 trahit,
1448 1640 1604 1726 augetur.
1664 1631 1762 1701 Hanc
1781 1651 1877 1700 suam
1904 1639 2057 1700 naturam

427 1777 516 1848 haec
531 1777 629 1847 radix
651 1778 686 1846 in
706 1777 828 1848 aribus
846 1799 984 1869 quoque
1001 1776 1168 1863 serrant,
1205 1784 1241 1844 et
1264 1795 1306 1842 eo
1327 1773 1404 1865 ipso
1429 1793 1532 1864 quam
1552 1773 1697 1842 maxime
1716 1793 1737 1839 a
1757 1769 1934 1842 radicibus
1960 1773 2059 1868 Vaga·

430 1913 587 1985 discedit
650 1909 772 1984 Oritur
789 1915 851 1984 illa
871 1917 906 1984 in
922 1914 1042 1985 aribus
1071 1935 1137 1985 nou
1164 1914 1254 1982 inter
1273 1910 1402 1979 anticas
1429 1919 1464 1980 et
1489 1910 1639 2002 posticas
1666 1931 1849 1978 nervorum
1875 1909 2056 2001 spinaliurn

429 2051 584 2138 udices,
607 2051 672 2122 sed
686 2073 790 2144 supra
807 2051 871 2122 has
890 2075 911 2121 e
926 2051 1174 2144 posterioribus
1191 2047 1364 2120 medullae
1379 2049 1587 2143 oblongatae
1606 2049 1736 2143 virgis,
1762 2057 1798 2118 et
1816 2047 1971 2119 decurrit
1985 2049 2059 2142 pie·

429 2209 574 2280 rumque
595 2189 651 2259 vel
668 2210 776 2280 usqne
791 2189 837 2259 ad
853 2189 991 2260 tertium
1010 2211 1151 2259 nervom
1168 2189 1372 2261 cervicalem
1391 2191 1425 2260 in
1444 2187 1627 2282 superficie
1643 2189 1776 2280 postica
1796 2188 1970 2259 medullae
1987 2191 2058 2282 spi-

431 2327 527 2399 nalis
575 2327 616 2398 lu
638 2327 706 2400 hac
731 2329 789 2398 vie
813 2337 884 2398 tres
906 2328 951 2398 ad
973 2339 1120 2419 quatuor
1141 2327 1346 2422 plerumque
1373 2329 1588 2398 tenuissimas
1611 2328 1784 2400 rediculus
1806 2329 1852 2397 ad
1875 2349 1914 2398 se
1935 2307 2060 2414 trahit,

429 2491 535 2560 seque
551 2487 630 2538 cum
652 2469 751 2564 Vagt
776 2467 952 2538 radicibus
973 2467 1143 2561 jungens,
1178 2469 1212 2538 in
1229 2469 1393 2563 genglion
1414 2471 1513 2566 Vagr'
1537 2491 1618 2540 cum
1637 2468 1694 2539 his
1712 2469 1914 2539 intumescit
1970 2469 2060 2540 Num
2156 2443 2160 2452 ’

431 2631 551 2702 reapse
580 2608 627 2678 ad
652 2609 723 2680 hoc
751 2608 916 2704 gaugiion
945 2608 1231 2678 conformandum
1262 2609 1405 2702 Vagam
1432 2606 1593 2699 adjuvet,
1629 2631 1673 2677 an
1699 2617 1855 2700 separata
1878 2606 2063 2678 fortassee

436 2751 543 2844 Vogo
568 2746 756 2816 secundum
779 2746 874 2817 huuc
894 2769 1037 2816 nervum
1056 2748 1091 2815 in
1112 2745 1224 2816 canali
1248 2766 1366 2834 osseo,
1401 2747 1461 2836 qui
1486 2748 1584 2844 Vngr'
1605 2757 1677 2834 est,
1709 2747 1891 2836 decurrat,
1921 2757 1957 2819 et
1974 2748 2061 2817 citra

431 2885 570 2955 denum
585 2885 769 2980 gangim,
791 2889 901 2983 Vago
919 2907 957 2955 se
968 2887 1115 2980 jungat,
1139 2886 1186 2955 ob
1202 2907 1359 2979 magnam
1373 2885 1437 2956 hos
1449 2895 1564 2978 partes
1579 2886 1806 2978 praeparandi
1824 2887 2062 2957 difficultatem

432 3023 595 3114 equidem
611 3048 676 3096 noo
691 3023 882 3096 decernam
903 3023 1020 3099 Inveni
1035 3025 1178 3116 quidem
1194 3025 1229 3094 in
1244 3026 1414 3096 nonnullis
1427 3025 1616 3119 majoribus
1631 3027 1751 3096 avibus
1765 3027 1862 3096 dium
1876 3027 2062 3117 quoddam,

431 3163 528 3253 quod
552 3167 678 3259 Vagus
698 3165 812 3234 statim
828 3172 907 3256 post
925 3185 1103 3256 egressum
1130 3189 1150 3232 e
1178 3165 1297 3233 cronio
1326 3164 1373 3232 ad
1396 3165 1566 3234 musculos
1588 3159 1670 3234 colli
1695 3167 1863 3252 mitteret,
1899 3165 2065 3255 qnodque

434 3323 531 3374 nmo
549 3311 689 3372 extumo
706 3298 918 3374 Accessorir'
940 3302 977 3371 in
993 3300 1231 3373 memorialibus
1256 3304 1501 3396 responderet,
1533 3303 1596 3376 sed
1616 3329 1787 3396 nonquam
1809 3301 2067 3378 Accessorium

435 3451 473 3512 ut
490 3451 683 3536 aepmtum
699 3463 840 3512 aenum
859 3441 1073 3534 distinguere
1085 3441 1192 3534 potui.

533 3581 695 3652 Ceterum
716 3581 751 3650 in
771 3580 1012 3651 describendis
1026 3583 1169 3673 reliquis
1184 3579 1292 3674 hujus
1312 3583 1465 3676 regionis
1484 3585 1614 3671 nervis,
1648 3567 2065 3655 denominationibua'iis-

436 3721 516 3792 dem
551 3721 678 3813 quibos
703 3719 770 3788 riri
792 3721 887 3790 docti
908 3731 1001 3803 utar,
1036 3723 1100 3790 etsi
1121 3721 1258 3790 nomina
1279 3741 1461 3789 nemorum
1486 3743 1603 3790 eornm
1624 3723 1792 3792 functioni
1816 3722 1958 3791 minime
1983 3743 2066 3792 con·

435 3864 554 3934 venire
568 3871 721 3956 apparet
769 3859 944 3954 Imprimis
956 3883 1039 3931 vero
1052 3859 1240 3932 Hsrarcnar
1251 3859 1438 3928 Wmsnurr
1451 3857 1665 3956 Lipsiensern
1681 3881 1822 3952 sequar,
1846 3863 1906 3952 qui
1926 3883 2069 3931 nervum

442 3997 606 4098 Vngwn,
630 3996 921 4099 Hypoglossum,
948 3997 1137 4073 Facialem
1155 4013 1189 4074 et
1213 3993 1603 4098 Glossopdcryngeum
1624 4001 1758 4088 arium,
1791 4003 1826 4073 in
1847 4002 1987 4090 libello,
2011 4003 2068 4073 coi

436 4137 557 4206 titulus
577 4145 646 4206 eet:
679 4133 886 4208 Anctomr'a
909 4153 1126 4232 comparato
1153 4135 1398 4237 Sympazlnci,
1425 4161 1460 4231 p.
1478 4139 1537 4210 88.
1563 4139 1738 4210 describit
1798 4140 1941 4238 Tribuit
1954 4151 2069 4212 summ

437 4273 498 4343 ilie
513 4295 618 4343 nervo
640 4267 995 4372 Glossopdaryngeo
1014 4277 1200 4371 ganglion‚
1234 4299 1302 4366 qua
1322 4277 1358 4346 in
1375 4300 1414 4346 re
1441 4277 1474 4346 ei
1498 4279 1652 4348 assentiri
1672 4302 1823 4370 nequeo;
1858 4279 1936 4351 ioco
1956 4280 2069 4367 onim,

438 4434 508 4504 quo
533 4413 603 4484 hoc
629 4413 796 4508 ganglion
825 4437 904 4486 ase
931 4415 1147 4487 observatum
1176 4437 1250 4487 mse
1287 4427 1417 4504 narrat,
1458 4412 1832 4517 Glossopknryngeus
1859 4423 2070 4514 aliquantum

439 4555 584 4624 crassior
609 4555 751 4645 quidem
777 4555 835 4641 iit,
873 4557 953 4645 quia
978 4555 1046 4627 hoc
1070 4559 1148 4628 loco
1176 4577 1307 4626 ramum
1330 4555 1634 4626 communicantem
1660 4565 1712 4626 sat
1733 4579 1928 4630 crassnme
1957 4555 2069 4656 Vago

438 4691 582 4784 accipit3
607 4712 726 4760 rerum
744 4690 813 4762 hoe
831 4693 996 4790 gangiion
1016 4697 1185 4789 appellari
1207 4717 1308 4790 posse
1323 4695 1424 4766 valde
1443 4696 1574 4766 dubito.
1637 4695 1766 4766 Contra
1782 4699 1842 4772 iiie
1864 4723 1907 4770 ne
1924 4701 2071 4770 verbum

440 4829 581 4918 quidem
602 4829 687 4902 facit
706 4832 752 4902 de
769 4832 912 4927 gaoglio
934 4829 1053 4930 Vegi‚
1077 4835 1112 4904 in
1133 4833 1227 4923 qood
1247 4829 1353 4924 hujus
1370 4833 1464 4902 nervi
1486 4833 1621 4904 radices
1641 4835 1756 4904 statim
1779 4837 2072 4926 quemadmodum

440 4967 590 5038 moriem
612 4991 747 5040 meum
774 4971 807 5040 in
833 4971 952 5064 diplas
982 4971 1090 5042 cranii
1117 4972 1351 5058 reconditum,
1376 4971 1526 5060 intrant,
1559 4971 1807 5058 intumescunt;
1843 4977 1939 5067 quod
1958 4987 2074 5075 umen

440 5104 603 5195 equidem
622 5117 813 5178 constanter
831 5109 866 5178 io
879 5108 1037 5180 omnibus
1054 5109 1175 5180 aribus
1193 5120 1246 5180 sat
1266 5131 1448 5206 magnum,
1477 5113 1588 5182 ferma
1606 5123 1721 5184 autem
1739 5116 1945 5209 pierumque
1961 5117 2071 5188 triau-

440 5241 574 5342 goieri,
601 5244 724 5318 invent
773 5245 828 5318 De
844 5243 1058 5320 Accerserit
1074 5247 1194 5322 radica
1208 5251 1270 5324 ilie
1287 5273 1426 5343 quoque
1440 5251 1546 5322 ultum
1562 5261 1654 5323 tenet
1670 5253 1854 5327 silentium.
