4678 6170
1825 635 1888 711 ω.

252 839 497 928 Accessorzis,
532 841 652 912 utres
680 835 811 935 Vugo‚
842 847 954 908 motor
975 837 1036 908 iile
1069 857 1171 926 quem
1196 835 1375 924 bucusque
1398 837 1465 903 riri
1488 835 1582 904 docti
1606 857 1628 904 a
1657 831 1769 933 Vugo
1792 857 1876 928 pro·

149 1031 154 1042 .
253 981 361 1050 iicisci
385 987 565 1071 putarant,
591 985 702 1048 motus
727 979 887 1047 nimirum
911 976 1141 1046 musculorum
1167 973 1322 1067 laryngis
1348 973 1536 1060 minorum,
1560 981 1725 1058 cnseret,
1751 982 1786 1042 et
1808 995 1877 1044 vox

252 1119 425 1204 interiret,
457 1117 533 1207 jem
566 1139 697 1186 summo
729 1116 816 1185 mibi
843 1116 925 1208 jure
955 1116 1077 1186 videor
1108 1114 1147 1182 id
1171 1136 1273 1206 posse
1303 1077 1492 1201 affirmare,
1526 1113 1621 1203 quod
1654 1113 1721 1182 bac
1754 1114 1876 1205 dispu-

256 1255 383 1326 tatione
407 1255 498 1324 votui
521 1255 681 1346 probuti:

351 1391 509 1462 Nervum
533 1390 789 1464 Accessorium
813 1387 984 1460 nimirum
1008 1413 1152 1462 nervum
1177 1393 1369 1462 motorium
1395 1413 1488 1478 esse,
1512 1388 1669 1487 ideoque
1691 1393 1730 1460 ιἰι
1751 1402 1879 1485 partes

259 1526 361 1625 Vagi
385 1526 560 1616 adscisci,
592 1543 630 1600 ut
658 1543 790 1612 motus,
826 1527 955 1627 quibus
978 1529 1056 1617 iric,
1082 1532 1146 1627 qui
1169 1528 1357 1623 sensificus
1382 1527 1630 1602 tantummodo
1656 1551 1784 1600 neruus
1808 1543 1878 1615 est,

250 1689 423 1761 praeesse
437 1666 621 1756 videatur,
645 1670 722 1762 ipse
736 1669 908 1765 perficiat
915 1698 929 1758 ,·
954 1649 1105 1742 eundem
1129 1687 1220 1764 ergo
1241 1689 1414 1763 praeesse
1438 1664 1592 1739 motibus
1616 1687 1761 1766 quoque
1785 1688 1879 1738 mus*

255 1802 417 1876 culorrnu
441 1805 647 1904 Luryngis,
671 1804 828 1906 indeque
851 1830 998 1878 nervum
1022 1829 1099 1881 esse
1128 1807 1312 1880 Voculam.

353 1945 432 2014 Erit
467 1946 633 2034 fortusse,
679 1949 738 2037 qui
776 1949 867 2017 banc
899 1970 1008 2018 meum
1047 1949 1092 2017 de
1128 1971 1231 2018 nervo
1264 1947 1488 2019 -Accessorio
1526 1947 1728 2017 sententiam
1765 1953 1884 2014 aneto-

256 2085 344 2152 miae
369 2095 585 2176 comparatae
609 2107 676 2177 ope
699 2087 841 2156 reioturi
865 2107 966 2180 posse
989 2097 1106 2179 potet,
1138 2087 1293 2178 mihique
1319 2089 1406 2157 iliud
1431 2088 1593 2180 objiciet,
1626 2084 1881 2157 Accessorium

257 2243 277 2288 ιι
302 2243 357 2290 me
382 2243 521 2290 nervum
535 2225 688 2294 vocalem
714 2224 939 2317 appeliatum,
966 2235 1000 2293 et
1024 2235 1147 2295 tamen.
1161 2227 1195 2293 in
1221 2227 1417 2296 animalium
1444 2226 1648 2318 corporibus
1673 2225 1883 2316 descriptum

259 2379 352 2446 esse,
386 2382 474 2448 quae
497 2383 582 2431 voce
612 2371 670 2430 ant
700 2383 840 2452 prorsus
875 2373 1048 2448 carerent,
1081 2372 1140 2431 aut
1172 2384 1300 2454 paucos
1331 2363 1566 2433 tantummodo
1596 2383 1694 2432 sonos
1728 2362 1883 2430 emittere

257 2498 414 2566 solerent
463 2499 593 2566 Verum
610 2497 702 2567 hunc
719 2520 903 2568 memorem
925 2519 998 2568 esse
1013 2499 1136 2586 velim,
1161 2523 1216 2568 me
1236 2522 1400 2590 nosquam
1416 2498 1562 2586 dixisse,
1588 2519 1729 2568 nervum
1746 2497 1883 2568 Acces-

258 2635 398 2704 sorium
426 2630 602 2704 Voculam
627 2630 935 2704 tantummodo
960 2655 1105 2706 nervum
1132 2625 1230 2722 esse,-
1254 2638 1317 2707 sed
1338 2641 1468 2727 ubique
1490 2641 1604 2708 censui
1630 2635 1885 2734 Accessorium

260 2795 405 2844 uenum
431 2796 509 2848 esse
533 2777 747 2864 motorium,
779 2775 947 2864 ideoque,
982 2786 1020 2844 ut
1050 2775 1137 2846 baec
1171 2785 1341 2868 repetam,
1379 2777 1414 2844 iu
1443 2786 1559 2868 partes
1588 2772 1690 2872 chi
1721 2774 1886 2860 adscisci,

260 2921 299 2980 ut
322 2933 440 2982 omnes
466 2923 595 3000 motus,
619 2912 745 3004 quibus
770 2912 830 2982 bic
854 2935 1012 3006 praeesse
1037 2915 1232 3002 videretur,
1258 2917 1333 3007 ipse
1357 2917 1547 3007 perficeret.
1603 2915 1662 2984 Ad
1686 2913 1750 2983 bos
1773 2925 1886 2982 autem
1994 2917 2004 2936 ¹

261 3061 372 3124 rnotus
403 3052 498 3147 opud
530 3055 590 3122 ilia
622 3055 797 3142 animalia,
834 3076 922 3143 quae
953 3075 1039 3122 voce
1073 3055 1230 3145 praedita
1261 3065 1358 3142 sunt,
1394 3055 1496 3124 etiam
1521 3066 1632 3124 motus
1657 3053 1886 3124 musculorum

261 3188 450 3288 Luryngis
472 3193 662 3284 pertinent,
687 3194 798 3280 iisque
823 3192 931 3284 igitur
956 3187 1196 3264 Accesserius
1220 3217 1340 3287 reapse
1366 3217 1490 3267 nervus
1507 3197 1634 3264 vocalis
1659 3204 1719 3264 est
1767 3194 1888 3284 Itaque

261 3330 347 3400 haec
373 3333 467 3402 vocis
488 3333 688 3405 efficiendae
711 3334 855 3403 iaouttas
881 3343 931 3402 est
954 3355 1035 3426 pars
1060 3335 1294 3402 tantummodo
1313 3337 1507 3426 potestatis,
1533 3358 1634 3424 quum
1654 3333 1889 3405 Accessorius

262 3471 295 3539 in
326 3465 472 3566 Vagum
497 3468 614 3538 babet.
678 3469 715 3536 In
749 3470 819 3536 illis
851 3469 1070 3558 animalibus,
1107 3497 1195 3564 quae
1220 3497 1305 3546 voce
1331 3487 1469 3562 carent,
1507 3476 1565 3544 ilie
1590 3475 1676 3546 elios
1700 3487 1812 3566 motus
1836 3477 1889 3546 ef·

263 3609 354 3698 ficit,
389 3609 515 3698 quibus
544 3606 674 3705 Vagus
704 3631 862 3700 praeesse
887 3609 1043 3697 videtur,
1078 3614 1127 3682 uti
1154 3614 1194 3682 in
1227 3615 1408 3706 reptilibus
1439 3626 1473 3683 et
1503 3615 1625 3684 ovibus
1648 3635 1712 3683 non
1738 3614 1892 3699 canoris,

270 3743 371 3843 Vngi
395 3751 480 3816 rami
505 3749 550 3818 ad
575 3749 746 3818 musculos
773 3749 854 3822 colii
881 3759 915 3817 et
940 3750 1086 3844 cervicis
1121 3754 1316 3837 mittuntur,
1349 3753 1408 3841 qui
1444 3775 1518 3819 meu
1551 3753 1691 3841 quidem
1726 3751 1892 3820 sententia

264 3885 309 3954 ab
334 3909 373 3954 er
398 3886 534 3974 redico,
571 3909 658 3976 quae
689 3909 708 3954 e
741 3887 891 3955 medulla
916 3887 1100 3983 oblongatu
1132 3889 1277 3957 oriundo
1309 3885 1523 3958 Accessorir'
1548 3889 1658 3958 rudici
1691 3887 1893 3980 respondet,

264 4029 334 4095 vim
359 4049 455 4096 suam
480 4028 659 4095 motorium
683 4027 866 4117 accipiunt

362 4163 584 4256 superesset,
619 4174 656 4232 ut
693 4161 795 4260 Vagi
829 4185 967 4253 quoque
1000 4161 1106 4231 solius
1139 4161 1314 4230 radicibus
1346 4163 1381 4230 in
1413 4162 1531 4234 cranio
1566 4163 1612 4232 ita
1647 4165 1822 4250 dissectis,
1858 4173 1895 4232 ut

266 4301 507 4374 Accesserius
530 4299 667 4370 illaesus
693 4310 864 4387 maneret,
890 4301 927 4368 id
953 4301 1047 4390 quod
1073 4299 1204 4369 ratione
1230 4300 1353 4369 ductus
1383 4296 1529 4396 Vagam
1556 4301 1629 4370 dixi
1653 4322 1792 4371 nervum
1821 4309 1894 4369 tan-

266 4441 442 4511 tummodo
465 4441 656 4510 sensificnm
684 4461 756 4509 esse
791 4439 1073 4531 comprobarem,
1103 4449 1138 4506 et
1162 4439 1400 4524 ostenderem,
1435 4438 1512 4529 ejus
1535 4439 1740 4508 dissectione
1766 4439 1895 4508 nullum

269 4579 405 4646 iliorum
430 4588 600 4663 motuum,
635 4577 694 4666 qui
720 4576 899 4666 bucusque
934 4577 966 4646 ei
999 4577 1161 4669 assignati
1195 4587 1292 4662 sunt,
1328 4578 1487 4662 interire,
1522 4589 1559 4646 ut
1589 4578 1690 4646 etiam
1722 4578 1788 4648 boc
1822 4579 1896 4664 vie,

267 4737 355 4806 quae
380 4715 432 4783 iiii
457 4717 626 4786 contrarie
653 4728 720 4804 est,
754 4726 808 4803 et,
832 4726 870 4784 ut
895 4715 964 4786 hoc
987 4717 1095 4785 aerbo
1122 4723 1213 4800 uter,
1239 4715 1397 4807 negativa
1423 4715 1479 4800 id,
1505 4715 1599 4804 quod
1616 4715 1662 4784 de
1679 4715 1896 4786 Accessorio
1967 4786 1971 4792 ,

269 4854 516 4939 demonstravi,
550 4855 841 4946 comprobaretur.
902 4853 1033 4923 Verum
1058 4861 1093 4924 et
1116 4863 1269 4944 tempus,
1307 4851 1401 4941 qood
1434 4851 1479 4920 ed
1512 4851 1600 4920 banc
1626 4852 1897 4924 dissertationem

269 4989 509 5059 elaborandam
541 4993 754 5082 propositum
788 4991 874 5060 mibi
906 5005 996 5076 erut,
1034 5013 1099 5061 non
1124 4987 1278 5074 suffecit,
1316 4999 1350 5058 et
1381 4991 1529 5081 ingenue
1560 4989 1669 5058 fateor
1697 5010 1752 5058 me
1783 4991 1899 5060 toedio

269 5130 418 5220 quodam
453 5129 711 5197 vivisectionum
746 5144 884 5221 captum
921 5153 1014 5215 esse,
1060 5137 1097 5198 ut
1133 5127 1355 5196 vehementer
1387 5127 1473 5194 mibi
1510 5127 1709 5218 displiceat,
1744 5131 1832 5198 nitra
1866 5131 1899 5198 in

269 5269 335 5336 imo
361 5266 668 5360 experimentorum
702 5267 754 5333 ιίι
789 5265 966 5358 progredi.
1037 5265 1196 5334 Fortasse
1234 5277 1291 5334 ant
1328 5266 1402 5356 ipse
1437 5267 1506 5334 alde
1543 5267 1692 5356 quodam
1728 5278 1898 5359 tempore,
