4678 6170
251 828 396 898 eundem
413 828 596 898 clemorsur
618 825 731 898 emisit
757 818 819 916 ²⁴).
868 825 999 896 Verum
1016 822 1118 894 simul
1136 821 1313 916 sauguinis
1328 823 1553 892 mutuatio
1572 822 1662 892 intre
1677 845 1799 893 cerum
1815 845 1878 895 cn-

249 969 385 1037 lumnse
401 964 603 1038 vertebralis
621 975 828 1060 consequuta
845 975 903 1034 cst.
959 963 1197 1033 Animadverti
1224 985 1279 1032 me
1306 975 1404 1034 acuta
1432 965 1552 1034 forlice
1574 965 1683 1034 sinum
1705 967 1882 1036 loterel·

251 1109 410 1178 dextrum
426 1109 604 1177 columnae
620 1105 821 1175 vertebralis
835 1106 992 1187 laesisse3
1018 1113 1186 1174 eteorum
1201 1127 1255 1173 me
1272 1105 1307 1173 in
1326 1105 1391 1174 hac
1408 1071 1607 1191 sevidisse,
1632 1107 1785 1176 intellexi
1804 1107 1879 1178 dis·

249 1249 416 1332 sectione,
437 1268 539 1336 quam
556 1246 593 1314 ln
608 1255 742 1314 mortuo
760 1263 844 1313 cene
859 1244 937 1313 feci.
985 1243 1073 1311 Nam
1088 1253 1267 1335 postquam
1286 1247 1479 1315 columnam
1496 1249 1724 1317 vertebrulem
1740 1251 1879 1340 aperui,

249 1395 283 1454 et
303 1386 417 1475 liquor
434 1385 495 1455 ille
509 1385 660 1470 effluxit,
681 1383 777 1454 cunis
795 1384 943 1472 quietius
958 1403 995 1451 sc
1012 1383 1138 1474 gessit,
1164 1394 1199 1452 ct
1215 1385 1364 1454 dissecto
1382 1395 1529 1474 utroque
1545 1408 1650 1456 nervo
1666 1387 1794 1456 nullam
1807 1409 1878 1456 sm·

248 1525 341 1620 plius
350 1547 467 1596 rocem
484 1525 615 1612 edidit,
644 1545 848 1614 quamquem
864 1525 997 1593 irrituto
1013 1546 1034 1591 a
1048 1547 1104 1594 me
1117 1547 1221 1596 nervo
1234 1526 1385 1616 quodam
1402 1537 1547 1597 cnmneo
1562 1527 1879 1599 vehementioribus

250 1669 310 1738 ille
333 1668 484 1738 motibus
507 1677 543 1739 et
564 1667 841 1738 convulsionibus
870 1665 1006 1756 quentis
1030 1664 1209 1734 doloribus
1235 1674 1323 1734 essct
1345 1665 1506 1754 effectus,
1541 1667 1698 1737 ostendit.
1748 1667 1879 1737 Verum

247 1811 393 1880 vinculis
406 1810 530 1900 quibus
542 1809 801 1879 devinctuserat
814 1809 945 1894 solutis,
959 1808 1169 1896 uulnereque
1185 1815 1302 1876 sutura
1318 1811 1513 1897 constricto,
1531 1811 1626 1879 cenis
1642 1809 1740 1879 humi
1754 1809 1880 1880 sedens

247 1959 350 2042 ceput
365 1952 609 2042 aliquantisper
626 1960 777 2019 erectum
793 1951 920 2036 tenuit,
945 1927 1151 2017 mox‘temen
1170 1946 1342 2038 collapsus
1362 1969 1402 2017 ac
1422 1957 1575 2019 mortuus
1593 1958 1652 2018 est.
1687 1985 1736 2004 -
1772 1947 1877 2017 Veri·

244 2089 456 2160 simillimum
473 2102 539 2175 est,
566 2111 643 2160 eurn
658 2089 813 2159 interisse
827 2090 1012 2183 sanguine,
1028 2085 1089 2177 qui
1109 2087 1220 2154 esino
1238 2097 1429 2174 emanaret,
1446 2063 1675 2156 cerebrumet
1690 2089 1876 2157 medullam

245 2228 412 2320 spinalem
428 2239 621 2320 premente·
639 2229 880 2299 Verumtamen
895 2231 971 2320 ipsu
985 2224 1156 2296 medullae
1167 2225 1309 2316 spinulis
1325 2224 1484 2314 nudetis,
1501 2228 1607 2296 scrosi
1622 2225 1766 2317 liquoris
1780 2227 1874 2297 illius

164 2391 175 2414 ·
246 2367 437 2453 cfflurinm,
463 2369 551 2436 aeris
567 2369 601 2436 in
615 2369 766 2436 cranium
783 2368 929 2452 invasio,
954 2343 1256 2436 Acces'sortorum
1273 2368 1422 2458 denique
1441 2369 1625 2453 dissecti03
1658 2369 1874 2440 haecomnia

244 2529 365 2598 perse
385 2509 599 2579 oanisvitam
621 2509 655 2575 in
680 2528 849 2576 summum
874 2506 1059 2574 discrimen
1089 2526 1213 2576 vocare
1240 2515 1432 2597 potuerunt.
1469 2545 1515 2564 -
1553 2507 1739 2602 Sanguinis
1760 2521 1873 2582 ouum

244 2645 400 2738 prolusio
419 2667 484 2715 non
501 2657 590 2716 tante
609 2637 693 2732 fnit,
718 2658 756 2715 ut
772 2646 859 2715 haec
874 2667 976 2715 causa
988 2647 1107 2715 mortis
1124 2615 1276 2737 putanda
1293 2657 1390 2717 esset

287 2807 295 2826 ·
342 2787 657 2878 Quamquam'lrnic
671 2789 767 2875 cuni,
793 2809 835 2857 ex
850 2811 919 2878 quo
935 2796 1091 2880 tempore
1108 2785 1320 2860 Accessorir'
1337 2789 1476 2859 dissecti
1497 2799 1609 2876 crant,
1632 2793 1804 2880 usquead
1822 2793 1874 2862 tn

243 2927 382 2996 teritum
399 2927 491 2997 nulle
505 2950 574 2998 vox
590 2929 669 2999 elici
688 2927 819 3019 potuit,
844 2938 958 2997 tumen
978 2927 1064 2998 milri
1085 2953 1150 2999 non
1173 2933 1284 3000 visum
1311 2941 1364 3001 est
1386 2931 1466 3001 inde
1489 2931 1681 3024 conjicere,
1711 2931 1779 3001 hac
1800 2935 1875 3024 ipsa

242 3067 544 3141 Accessoriorum
567 3069 774 3140 dissectione
796 3091 874 3140 eum
890 3089 975 3138 uoce
994 3071 1166 3161 privatum
1185 3093 1268 3142 esse.
1326 3073 1498 3142 Maturius
1516 3075 1608 3142 enim
1632 3085 1784 3144 mortuus
1805 3083 1874 3162 est,

243 3231 350 3298 qnam
361 3220 399 3277 nt
414 3211 605 3281 accuratius
620 3210 655 3278 in
668 3210 758 3280 hanc
776 3233 849 3278 rem
865 3177 1040 3298 inquirere
1059 3227 1203 3302 possem.
1253 3211 1374 3301 ltuqne
1391 3213 1530 3303 perrexi
1548 3214 1782 3304 experimento
1801 3224 1873 3284 tum

243 3371 286 3420 ex
303 3351 381 3418 eliis
396 3351 598 3420 animalibus
617 3361 690 3419 tum
707 3373 750 3419 eu
767 3350 887 3440 lepore
901 3351 1059 3420 caniculo
1076 3373 1224 3443 capere;
1248 3353 1311 3422 sed
1327 3354 1476 3444 plurima
1496 3352 1591 3422 haud
1609 3377 1777 3446 prospere
1797 3345 1875 3428 stic-

242 3502 434 3579 cctsernnt,
468 3503 506 3560 nt
526 3491 665 3561 minime
689 3491 726 3561 id
753 3491 847 3581 qnod
872 3491 998 3560 uellem
1024 3511 1232 3579 assequerer.
1292 3491 1380 3560 Nem
1400 3503 1438 3560 nt
1458 3503 1574 3562 certos
1594 3515 1722 3580 mecm,
1756 3496 1875 3564 ambos

244 3653 382 3717 nervos,
410 3631 468 3720 qui
487 3633 642 3723 proxime
666 3631 710 3698 sd
730 3629 917 3699 medullam
933 3631 1100 3722 spinalem
1121 3627 1292 3699 reconditi
1310 3629 1443 3722 jacent,
1478 3653 1497 3698 a
1519 3655 1574 3700 me
1599 3632 1765 3704 dissectos
1783 3657 1874 3724 esse,

244 3769 356 3844 nullus
380 3771 515 3838 omnino
538 3771 676 3862 sangnis
702 3770 737 3838 in
757 3791 877 3840 cavum
903 3759 1079 3838 columnae
1109 3769 1311 3837 vertebralis
1337 3793 1473 3839 manare
1500 3770 1630 3840 debuit
1686 3773 1824 3841 Etenim
1843 3775 1872 3844 sl

242 3881 462 3998 aperta'dnra
479 3920 588 3977 matre
608 3907 742 3997 aliquid
757 3905 931 3999 sanguinis
951 3909 984 3975 in
1002 3909 1192 3978 columnam
1208 3921 1391 3998 manasset,
1430 3920 1611 4001 utrumque
1635 3937 1774 3984 nervum
1798 3924 1874 3984 ten·

242 4067 344 4135 quum
369 4065 495 4116 coecos
523 4045 847 4116 circumerrantibus
871 4044 1029 4114 manibus
1055 4045 1321 4139 deprehendere
1349 4065 1486 4120 coactus
1514 4073 1598 4122 sum.
1648 4053 1748 4122 Luesi
1769 4078 1873 4148 saepe

110 4253 120 4266 ,
243 4187 427 4257 medullam
448 4186 687 4280 oblongutem,
725 4197 759 4257 et
778 4187 1068 4281 dnmligamento
1087 4187 1295 4260 denticulato
1315 4191 1463 4262 dissecto
1489 4202 1670 4284 utrumqne
1696 4195 1873 4269 Accesse-

243 4334 336 4402 rium
353 4356 374 4401 a
389 4355 444 4400 mo
463 4331 647 4401 dissectum
670 4341 774 4422 poto,
798 4323 1018 4423 postinodunr
1034 4330 1186 4400 sectione
1204 4329 1294 4400 lacte
1311 4331 1451 4400 eosdem
1466 4331 1603 4402 illaesos
1620 4357 1693 4404 esse
1711 4339 1871 4428 cognovi.

277 4571 326 4639 st)
344 4571 405 4625 sets
416 4575 537 4640 sortasse
554 4571 629 4639 quie,
650 4569 696 4637 qui
712 4567 840 4629 uniretur,
864 4568 934 4619 inec
950 4583 1043 4622 consu
1067 4567 1096 4620 is
1118 4567 1275 4622 dismmde
1290 4585 1385 4630 sees,
1412 4569 1456 4622 eui
1472 4569 1589 4636 opsides·
1604 4569 1807 4626 miiilitutsru
1821 4573 1873 4628 tri·

340 4662 468 4714 Mnus
485 4679 542 4714 esse
557 4657 668 4730 uegetis,
692 4667 782 4712 tumen
799 4658 897 4710 doloris
913 4658 1023 4726 sigeum
1040 4657 1152 4709 edidisse
1168 4659 1345 4725 ejulatumque
1361 4659 1484 4710 emisisse.
1530 4661 1617 4726 Atque
1635 4662 1730 4726 setene
1754 4663 1872 4716 scidisset

340 4749 393 4818 ipsi
410 4757 464 4802 tutu
481 4751 607 4820 temporis
630 4751 700 4802 Mne
716 4765 770 4802 rem
794 4745 966 4814 suspiciosum
984 4747 1087 4814 fuisse,
1113 4763 1196 4813 neque
1213 4745 1290 4799 lodie
1307 4749 1377 4800 uode
1394 4747 1444 4800 loe
1460 4750 1576 4802 maurit
1601 4751 1733 4818 explicere
1754 4767 1869 4819 possunt.

346 4838 442 4890 Verum
459 4855 518 4892 esus
534 4845 560 4892 st
577 4825 692 4900 elenae,
715 4855 791 4906 quest
807 4836 883 4890 esuis
899 4835 1009 4906 estioit.¹
1028 4835 1107 4888 nette
1122 4835 1266 4890 scisciam
1283 4839 1466 4892 contemto
1483 4839 1588 4906 suerit,
1612 4857 1662 4894 ese
1680 4847 1776 4908 poetes
1795 4841 1873 4898 slisd

340 4943 456 4995 usqum
474 4927 576 4979 enimet
596 4945 629 4980 ue
652 4929 787 4982 reinissum
803 4927 907 4994 quidem
924 4927 1023 4978 debris
1039 4925 1149 4994 sigestri
1167 4927 1297 4990 ediderit,
1323 4945 1383 4980 ecus
1403 4929 1567 4980 Armene-ios
1583 4928 1740 4980 dissererem
1760 4936 1786 4980 et
1803 4931 1870 4985 sdes

339 5017 484 5072 smsdsilu
500 5015 647 5085 oilsssgutu
663 5019 814 5080 evellerent,
839 5015 1129 5077 harmonicorum,
1154 5033 1204 5083 prro
1222 5017 1298 5069 conis
1319 5019 1426 5070 doloris'
1442 5017 1550 5086 signum
1573 5017 1664 5078 dedit,
1692 5017 1791 5072 nullius
1816 5037 1870 5072 rso·

340 5107 423 5162 senta·
438 5107 587 5160 temeson
604 5123 659 5162 esee
672 5109 779 5177 putum.
822 5107 962 5166 Fortasse,
986 5106 1072 5158 missus
1089 5112 1145 5156 tutu
1163 5107 1289 5174 temporis
1312 5107 1340 5158 iu
1358 5108 1407 5158 doe
1429 5107 1664 5174 experimentorum
1687 5124 1786 5178 geom
1811 5125 1870 5164 ser-

338 5205 432 5257 uulus.
456 5197 485 5247 in
502 5195 665 5247 disserendis
682 5197 770 5249 omui
787 5199 885 5264 ¹forfice
910 5197 1052 5248 ssednllont
1069 5193 1242 5262 ollongntnrr
1266 5195 1402 5248 lucentius
1426 5195 1530 5262 attigi,
1558 5209 1608 5261 quo
1626 5199 1736 5264 seclusa
1757 5204 1814 5260 est.
1839 5205 1870 5252 ut

340 5285 416 5338 mnis
432 5285 521 5338 dolore
538 5283 701 5352 efficeretur.

1432 5393 1479 5462 12
