4678 6170
448 568 497 640 '82

453 761 682 833 Observatum
700 771 769 848 est,
795 785 837 832 ex
859 763 980 832 eodem
1001 771 1122 834 trunco
1139 783 1319 833 nervorum
1341 785 1453 834 ramos
1475 763 1573 854 etad
1590 763 1761 837 musculos
1787 755 1887 834 etad
1909 763 2078 835 membra·

454 923 533 969 nam
549 883 720 968 mucosum
737 909 920 990 cutemque
934 900 1040 986 mitti,
1064 893 1103 968 'et
1118 901 1348 991 experimenta
1364 924 1407 971 ex
1423 902 1628 971 dissectione
1644 901 1769 970 borum
1785 921 1965 970 nervorum
1981 911 2080 995 capta

453 1046 697 1123 monstrarunt,
732 1046 916 1127 utrumqne
938 1047 973 1106 et
988 1037 1250 1108 sensibilitatem
1274 1047 1307 1108 el
1326 1049 1455 1108 motum
1483 1040 1519 1108 in
1544 1039 1701 1133 organis,
1725 1038 1770 1136 ad
1793 1059 1882 1126 qnae
1907 1034 2012 1107 nervi
2027 1039 2080 1106 illi

452 1185 621 1258 mearent,
656 1197 795 1247 cessare
867 1177 975 1248 Nervi
998 1177 1200 1273 Trigemini
1219 1178 1308 1246 bane
1327 1157 1398 1245 vim
1416 1185 1451 1244 et
1471 1185 1623 1246 naturam
1641 1175 1816 1266 duplicem
1828 1195 1907 1244 esse
1929 1175 2080 1265 primum

452 1314 724 1384 animadversum
738 1323 806 1401 est,
839 1315 970 1407 qnippe
991 1315 1051 1403 qni
1075 1337 1186 1382 manns
1213 1323 1248 1382 et
1271 1315 1318 1383 ad
1340 1316 1511 1384 musculos
1533 1324 1568 1384 et
1590 1315 1636 1382 ad
1653 1313 1886 1383 membranam
1907 1333 2079 1383 mucosum

452 1461 555 1540 atque
577 1461 691 1522 entem
715 1453 892 1521 emitteret
953 1451 1139 1542 Duplicem
1165 1460 1277 1519 antem
1303 1452 1393 1523 benc
1415 1455 1485 1521 vim
1508 1476 1528 1522 α
1548 1453 1680 1544 duplici
1702 1450 1808 1541 hujus
1829 1453 1924 1520 nervi
1944 1452 2080 1544 origine

451 1593 626 1684 proticisci
654 1591 813 1683 diligenti
832 1591 1018 1663 anatomica
1036 1591 1298 1684 investigatione
1317 1591 1511 1682 intelligere
1534 1589 1604 1658 sibi
1623 1588 1847 1658 videbantur:
1885 1610 1974 1690 qnae
1996 1611 2080 1660 con·

449 1728 586 1820 jactura
606 1751 708 1819 qnam
726 1751 806 1800 vera
821 1738 928 1816 esset,
960 1731 1193 1820 experimenta
1211 1737 1457 1815 monstrarunt,
1483 1729 1608 1817 quibus
1622 1729 1798 1821 cognitum
1816 1739 1884 1814 est,
1915 1731 2079 1800 minorem

452 1867 643 1960 portionem
670 1864 870 1962 liigemr'n'i
885 1868 1009 1952 motui,
1035 1865 1199 1957 majorem
1213 1867 1433 1936 sensibilitati
1447 1867 1585 1936 servire
1633 1865 1909 1972 Haudpabsinile
1923 1869 1997 1937 veri
2014 1877 2078 1952 est,

453 2004 520 2072 bac
549 2027 588 2072 re
615 2003 790 2095 explorata
814 2025 892 2073 cnm
919 2005 1090 2096 originem
1116 2027 1298 2074 nervorum
1327 2006 1511 2097 spinolium
1540 2008 1729 2078 anatomiae
1759 2027 1826 2096 ope
1859 2017 2080 2098 cognossent,

444 2141 612 2212 'nanuum
633 2152 667 2213 et
683 2141 902 2222 Mannunnuu
919 2168 960 2216 eo
978 2145 1145 2214 adductos
1159 2167 1250 2233 esse,
1276 2159 1315 2218 nt
1331 2150 1561 2244 conjicerent,
1594 2149 1769 2239 duplicem
1794 2170 1992 2235 nervorum,
2020 2150 2079 2236 qui

455 2307 475 2352 e
500 2283 650 2352 medulla
673 2284 796 2373 spinuli
824 2285 1013 2374 orirentur,
1038 2285 1109 2353 vim
1131 2285 1167 2353 et
1189 2297 1341 2356 naturam
1370 2290 1510 2380 duplice
1533 2311 1650 2357 eornm
1673 2287 1808 2380 origine
1833 2289 1945 2373 nasci,
1978 2297 2013 2356 et
2034 2289 2080 2356 ad

455 2421 567 2510 ipsum
587 2428 699 2488 ortum
723 2421 808 2488 duas
826 2421 902 2489 illas
922 2421 1100 2493 facultates
1118 2423 1262 2494 fortasse
1279 2434 1455 2517 ,separatas
1477 2447 1571 2508 esse;
1606 2427 1642 2493 in
1665 2447 1733 2514 qno
1754 2447 1856 2514 quarn
1872 2446 1953 2494 vere
1970 2422 2079 2493 vidis·

455 2566 529 2626 sent
552 2557 792 2647 experimentis
807 2560 875 2649 ipsi
891 2549 1134 2651 cognoverunt

554 2695 687 2764 Mirum
704 2705 773 2782 est,
798 2697 889 2766 viros
905 2698 1025 2767 doctus
1045 2699 1106 2786 iis,
1135 2701 1317 2793 quaejam
1343 2703 1388 2771 de
1415 2703 1624 2799 Trigemino
1649 2712 1684 2772 et
1699 2702 1746 2800 de
1763 2703 1877 2772 nervis
1894 2700 2082 2794 spinalibns

457 2843 778 2924 comperta-essent,
803 2857 868 2904 non
886 2855 959 2904 esse
979 2845 1184 2924 commotus,
1209 2847 1247 2907 ut
1265 2841 1539 2930 suspicarentur,
1570 2841 1744 2931 duplicem
1764 2841 1834 2908 vim
1855 2849 1889 2908 et
1913 2847 2082 2924 naturam,

456 2993 558 3058 quam
575 2993 660 3062 prae
674 2995 711 3042 se
728 2972 857 3042 lerrent
871 2973 1030 3063 plerique
1049 2975 1259 3064 reliquorum
1279 2987 1479 3064 nervornm',
1500 2977 1544 3045 ab
1561 2978 1636 3068 ipsa
1649 2976 1794 3074 originis
1809 2997 1927 3046 eornm
1949 2975 2081 3043 ratione

457 3109 620 3200 pendere
678 3109 750 3180 Sed
767 3111 802 3180 in
822 3133 923 3196 causa
943 3123 1011 3199 est,
1037 3115 1132 3202 quod
1153 3115 1358 3183 anatomicas
1373 3137 1555 3184 nervorum
1570 3113 1884 3190 rationesnondum
1901 3114 1980 3182 satis
1999 3110 2081 3178 dili·

459 3255 581 3338 genter
598 3255 804 3337 spectarunt
853 3249 929 3318 Etsi
945 3251 1065 3342 negari
1080 3251 1175 3318 nullo
1191 3261 1293 3340 pacto
1306 3253 1454 3342 poterit,
1474 3254 1722 3344 experimenta,
1740 3254 1770 3322 si
1788 3253 1985 3344 quidemea
2000 3270 2083 3342 pos·

458 3405 571 3452 semus
590 3407 633 3452 ex
653 3387 807 3455 vivorum
825 3387 1019 3455 animalium
1039 3386 1243 3478 corporibus
1266 3391 1312 3458 ita
1337 3411 1480 3481 capere,
1513 3402 1551 3461 ut
1570 3393 1609 3461 id
1627 3401 1756 3462 tanturn
1774 3413 1890 3460 eornm
1909 3413 1976 3481 ope
1992 3411 2084 3459 corn·

455 3525 663 3613 periremus,
690 3526 785 3613 qnod
802 3525 1009 3617 investigare
1025 3525 1208 3612 vellemne,
1233 3529 1278 3596 ad
1289 3530 1540 3598 enucleandam
1560 3530 1790 3618 quaestionem
1806 3528 2083 3628 physiologicam

459 3681 532 3730 esse
561 3661 758 3762 utilissima3
795 3672 906 3732 nmen
934 3665 1035 3734 etiarn
1063 3663 1151 3732 illud
1179 3685 1287 3751 aeque
1309 3671 1461 3748 constat,
1495 3684 1538 3730 ex
1560 3663 1684 3730 iisdem
1709 3674 1744 3730 et
1766 3670 1908 3752 propter
1926 3667 1977 3729 tot
1999 3681 2086 3749 quus¹

457 3801 624 3892 praebent
637 3774 872 3888 difficultates,
898 3812 932 3870 et
949 3803 1101 3890 obvim,
1126 3826 1213 3893 qnae
1235 3803 1381 3871 infertur
1401 3811 1473 3872 loto
1492 3800 1688 3870 animalium
1711 3800 1926 3892 organismo,
1953 3800 1997 3869 de
2014 3800 2084 3868 sin·

457 3943 550 4033 gulis
570 3945 776 4032 quibusdam
797 3945 901 4014 rebus
921 3969 1039 4015 verum
1060 3971 1125 4016 non
1140 3948 1195 4016 „ita
1218 3946 1290 4016 erui
1305 3965 1425 4036 posse,
1459 3951 1498 4012 nt
1512 3941 1601 4012 nihil
1624 3943 1655 4011 ei
1679 3941 1871 4010 immixtum
1887 3942 1932 4010 sit
1950 3941 2028 4009 falsi
2050 3949 2084 4024 et

457 4080 601 4166 incerti,
634 4083 835 4172 praesertim
854 4083 883 4152 si
909 4104 976 4152 non
995 4085 1072 4154 aliis
1092 4085 1280 4154 rationibus
1302 4083 1397 4150 ducti
1420 4082 1535 4168 aliqua
1554 4081 1675 4150 saltem
1700 4101 1743 4148 ex
1762 4086 1861 4171 parte
1886 4079 2084 4170 conjecture

458 4217 497 4286 id
516 4239 753 4307 assequamur,
791 4222 885 4310 qnod
913 4222 1154 4312 experimentis
1178 4223 1358 4314 explorare
1385 4220 1571 4311 cupiamus.
1631 4221 1675 4289 ld
1699 4244 1784 4291 vero
1811 4223 1859 4289 ita
1885 4203 2085 4312 praesertim

458 4357 712 4445 consequimur,
748 4367 786 4426 nt
811 4382 898 4447 qnae
926 4360 1204 4428 vivisectionibns
1227 4357 1486 4449 comprobatum
1513 4359 1555 4424 iri
1585 4379 1785 4450 speremus,
1820 4380 1858 4426 ea
1886 4355 2085 4424 abatomieis

457 4493 734 4585 indagationibus
754 4499 851 4586 qnasi
871 4499 1135 4590 praesagiemus.
1195 4499 1315 4587 ltaque
1339 4497 1478 4564 minime
1500 4473 1690 4586 prudenter
1711 4503 1835 4586 agunt,
1858 4493 1938 4582 qui,
1964 4515 2085 4582 quarn·

458 4654 562 4719 quam
582 4644 794 4724 compertum
819 4646 888 4720 est,
923 4636 1126 4706 dissectione
1142 4659 1170 4705 e.
1186 4660 1222 4728 g.
1243 4629 1443 4705 Ischiudici
1457 4634 1552 4703 nervi
1583 4632 1754 4725 explorari
1771 4652 1838 4700 non
1859 4650 1978 4720 posse,
2004 4652 2084 4699 anm

459 4772 520 4841 ille
535 4775 671 4841 omnino
689 4785 722 4842 et
737 4797 803 4863 qua
821 4778 856 4843 in
870 4786 969 4868 parte
985 4780 1092 4846 motui
1109 4785 1167 4844 ant
1182 4775 1399 4846 sensibilitati
1417 4757 1560 4858 serviat,
1584 4771 1646 4841 sed
1661 4769 1897 4839 tantummodo
1911 4769 2086 4838 radicibus

460 4910 536 4999 ejus
554 4911 638 4980 duas
656 4912 733 4981 illes
751 4913 931 4982 facultates
950 4923 1121 5005 separatas
1139 4911 1325 4996 contineri,
1350 4918 1461 4979 tamen
1477 4911 1578 4980 etiam
1596 4929 1683 4977 nnnc
1700 4907 1867 4999 neglectis
1882 4903 2085 5010 radicibus,

462 5059 624 5116 truncum
645 5072 763 5118 eorum
792 5072 990 5136 nervorum,
1033 5051 1078 5120 de
1109 5072 1254 5141 quornm
1281 5060 1399 5118 natura
1435 5051 1599 5122 dissensio
1624 5059 1690 5137 est,
1723 5048 1897 5119 dissecare
1929 5069 1995 5117 non
2021 5045 2085 5115 de·

461 5188 596 5275 sinunt,
633 5189 766 5260 seilicet
796 5199 834 5262 nt
863 5191 1091 5286 investigent,
1128 5213 1210 5263 nnm
1239 5194 1336 5265 nervi
1367 5192 1421 5261 illi
1450 5190 1671 5262 sensibilitati
1701 5197 1761 5260 eut
1790 5193 1897 5260 motui
1929 5186 2085 5284 serviam
