4672 6172
1838 639 1890 716 di

257 855 336 908 cum
355 835 507 906 secundo
530 830 634 933 Vaga·
651 835 797 930 ganglin
818 835 974 906 uecdtm.
1033 828 1288 932 ni'ymputlricrn
1308 835 1385 928 ipse
1413 833 1511 928 (21)
1536 859 1558 906 a
1582 830 1693 932 Vago
1716 835 1889 932 emundor

253 975 355 1067 juxta
374 973 657 1046 eumsecundum
673 973 801 1043 collum
822 973 983 1042 decurrit
1679 959 1684 968 '

356 1111 398 1181 ln
422 1109 524 1184 Cane
548 1111 659 1202 (Τὼ.
675 1111 721 1181 ll
743 1111 823 1204 Fig.
841 1109 921 1202 iv.)
943 1108 1179 1180 Accessorins
1204 1111 1248 1180 ed
1269 1111 1424 1182 radicem
1445 1112 1614 1205 posticam
1632 1113 1771 1204 septimi
1792 1117 1889 1184 nervi

257 1251 438 1322 cervicalis
458 1253 657 1322 tenuissimo
673 1251 733 1320 iilo
753 1251 874 1342 incipit
891 1250 969 1341 (l).
1023 1249 1064 1319 lu
1083 1241 1222 1321 ascensu
1243 1271 1305 1320 suo
1323 1274 1344 1320 e
1360 1251 1504 1346 regione
1519 1251 1594 1320 lere
1610 1251 1778 1345 cujusque
1793 1255 1889 1323 uerri

256 1389 437 1458 cervicalh
465 1413 486 1457 a
510 1389 661 1458 medulla
690 1388 816 1479 spinsli
844 1387 1015 1487 radiculas
1041 1387 1170 1479 accipit
1198 1386 1289 1478 (2),
1336 1412 1357 1457 a
1386 1387 1538 1458 medulla
1565 1384 1751 1481 oblongata
1777 1397 1892 1459 autern

259 1529 413 1619 quinque
428 1528 475 1599 ad
490 1549 529 1599 so
545 1529 653 1598 trahit
675 1539 709 1598 et
730 1529 810 1598 dein
831 1549 997 1598 unacum
1018 1525 1129 1624 Vago
1149 1549 1212 1620 per
1232 1525 1387 1597 iniamen
1407 1527 1557 1598 lacerum
1575 1525 1654 1595 exit
1703 1524 1892 1602 Distiuctus

258 1667 400 1758 quidam
418 1690 549 1757 ramus,
576 1670 636 1758 qui
656 1669 700 1737 ab
718 1666 941 1739 Accessorio
959 1668 1005 1736 ad
1027 1665 1072 1738 V
1064 1690 1174 1764 egum
1191 1668 1370 1755 transi-ret,
1396 1690 1462 1739 non
1478 1668 1595 1755 adest,
1619 1667 1682 1738 sed
1699 1667 1746 1736 ad
1763 1669 1892 1738 mitum

258 1779 466 1878 eloiamine
484 1810 620 1893 lacero,
657 1818 737 1899 post
765 1807 931 1900 gauglion
963 1804 1067 1903 Vagi
1093 1825 1300 1916 supremum?
1324 1805 1372 1873 ita
1402 1824 1480 1874 curn
1515 1800 1626 1900 Vogo
1653 1802 1893 1877 Aoeesorsus
2018 1833 2021 1842 ¹

253 1946 395 2039 junctos
420 1957 490 2035 est,
527 1957 564 2015 ut
585 1947 687 2038 plane
707 1956 823 2040 partes
844 1941 1058 2018 Accerserit·
1083 1943 1117 2010 in
1144 1939 1248 2036 Vaga·
1269 1943 1326 2010 tila
1353 1943 1499 2012 transire
1526 1942 1757 2011 internoscere
1784 1950 1892 2036 potes

260 2085 404 2155 Ceterae
424 2106 540 2155 omnes
565 2081 668 2180 Vagi
690 2093 725 2154 et
741 2080 955 2175 Accessorii
980 2085 1129 2153 rationes
1153 2081 1228 2151 lere*
1254 2082 1376 2151 eodem
1399 2079 1504 2150 modo
1527 2101 1566 2150 se
1586 2077 1732 2168 habant,
1763 2088 1802 2148 ut
1821 2077 1892 2172 jan

258 2225 395 2316 saepius
420 2225 598 2316 descripsi.

358 2360 399 2429 ln
428 2357 554 2432 Vnus>
580 2364 688 2432 oritur
709 2362 948 2434 Accessorius
972 2387 992 2435 e
1011 2364 1163 2433 medulla
1183 2365 1308 2456 spinali
1328 2387 1436 2458 porro
1461 2365 1644 2436 intervallo
1659 2373 1737 2435 aute
1757 2343 1893 2434 radices

258 2499 407 2591 posticas
429 2501 567 2592 septimi
587 2502 809 2571 cervicalium
822 2503 925 2594 puris.
974 2502 1065 2571 llum
1081 2503 1128 2572 ad
1147 2500 1295 2598 Vagam
1317 2505 1519 2594 adscendit,
1543 2505 1672 2595 accipit
1689 2505 1726 2572 in
1745 2502 1813 2574 hac
1838 2505 1893 2572 sia

259 2659 280 2706 a
300 2637 452 2706 medulla
471 2638 595 2730 spinuli
615 2648 649 2706 et
673 2639 858 2732 oblongata
879 2641 1067 2730 permultas
1081 2641 1237 2728 radices,
1263 2641 1389 2730 quibus
1408 2662 1534 2712 nervus
1554 2640 1700 2712 crassior
1723 2642 1772 2708 iit
1820 2641 1894 2708 lia-

259 2778 407 2865 tionem,
431 2801 500 2869 qua
520 2780 609 2848 intra
628 2791 662 2850 et
678 2780 792 2848 statim
812 2791 908 2850 extra
927 2781 1080 2851 foramen
1101 2780 1253 2886 lacerum
1279 2801 1357 2849 cum
1383 2777 1493 2878 Vago
1521 2781 1686 2865 nectitur,
1723 2779 1895 2849 diversam

258 2917 373 2986 inveni
392 2918 427 2986 iu
443 2918 594 3006 duabus,
619 2941 703 3009 quas
719 2919 920 3011 praeparari
932 2969 944 3007 ,
977 2920 1106 2988 bestiis.
1167 2918 1210 2986 Iu
1238 2920 1346 2988 altera
1372 2921 1464 2989 enirn
1491 2914 1749 3003 Accessorins,
1783 2919 1834 2986 uti
1856 2919 1894 2986 in

259 3055 486 3146 plurimorum
507 3058 772 3151 quadrupedum
795 3070 831 3126 et
853 3059 888 3128 in
914 3057 1064 3134 humano
1083 3080 1230 3150 corpore
1252 3058 1310 3143 lit,
1346 3059 1384 3127 in
1405 3057 1492 3127 duos
1518 3058 1648 3128 divisus
1669 3066 1742 3126 erat
1766 3077 1893 3142 ramos,

260 3195 430 3264 internum
451 3206 485 3265 et
501 3163 699 3283 externum,
733 3221 879 3287 quorum
902 3197 960 3266 ille
982 3220 1020 3266 se
1041 3207 1150 3266 totum
1177 3216 1256 3265 cunr
1281 3187 1326 3266 V
1319 3217 1393 3292 ago
1415 3195 1549 3287 junxit3
1585 3199 1620 3265 in
1648 3181 1756 3266 altera
1781 3205 1896 3266 autem

260 3331 338 3400 talis
353 3331 477 3401 divisio
500 3356 566 3403 uon
585 3335 671 3420 init,
705 3335 768 3404 sed
788 3335 891 3404 ambo
907 3336 1003 3404 nervi
1024 3336 1112 3420 tela,
1143 3357 1231 3424 quae
1253 3335 1350 3422 quasi
1377 3356 1419 3402 ex
1439 3298 1621 3405 nervorum
1638 3335 1705 3403 iilis
1728 3332 1896 3419 constitit,

260 3465 436 3559 conjuncti
458 3463 563 3539 era'nt
623 3469 733 3540 Simul
758 3473 791 3538 in
821 3471 887 3538 lue
916 3471 1023 3539 altera
1050 3471 1157 3540 bestia
1179 3471 1252 3539 sola
1277 3471 1374 3541 liluur
1403 3468 1557 3567 aVago
1578 3470 1624 3539 sd
1640 3470 1896 3543 Accessorium

259 3607 403 3678 tendere
424 3608 616 3684 observavi.
683 3605 830 3705 Vagam
852 3611 964 3700 ipsum
987 3607 1060 3676 ridi
1089 3611 1205 3680 multis
1228 3622 1340 3681 onum
1368 3612 1563 3700 radicibus,
1599 3634 1688 3703 quae
1710 3633 1790 3682 mox
1809 3612 1898 3680 intra
1972 3573 1980 3586 ι

261 3749 412 3820 loramen
437 3751 589 3821 lacerum
609 3753 653 3821 ‘in
678 3753 839 3850 ganglion
868 3751 1009 3823 coirent.
1067 3750 1197 3819 Verum
1224 3753 1259 3820 iu
1284 3763 1430 3841 utroque
1453 3751 1590 3820 animali
1619 3750 1799 3822 observavi
1829 3771 1897 3819 nou

262 3910 380 3957 omnes
398 3889 532 3960 radices
549 3892 584 3960 in
604 3890 673 3960 lroc
693 3893 857 3983 ganglion
878 3891 1039 3977 dissolvi,
1064 3892 1126 3961 sed
1145 3891 1314 3982 plurimae
1335 3891 1589 3977 tantummodo,
1614 3891 1824 3980 eaedemque
1841 3911 1906 3988 su-¹

261 4029 437 4119 potiores,
475 4029 654 4100 inferiores
680 4040 793 4098 autem
820 4030 1002 4098 nonnullae
1031 4029 1121 4098 inlra
1146 4030 1313 4124 ganglion
1343 4030 1444 4118 eique
1472 4029 1625 4100 adnexae
1663 4030 1898 4100 decurrerunt.

263 4167 437 4261 Gsugliou
457 4169 570 4261 ipsum
590 4170 735 4240 formam
754 4153 878 4241 naluit
898 4170 1039 4263 majoris
1063 4171 1141 4263 pisi.
1188 4171 1231 4241 ln
1253 4181 1399 4261 utroque
1417 4172 1554 4241 animali
1579 4172 1769 4242 secundum
1796 4168 1900 4268 Vagi

262 4308 425 4406 gauglion
447 4309 520 4377 sive
537 4310 660 4400 plexus
677 4309 737 4379 ille
755 4309 1020 4404 gangliolormis
1045 4308 1220 4379 observari
1245 4331 1312 4378 non
1335 4311 1467 4402 potuit,
1500 4310 1564 4380 scd
1585 4331 1726 4380 nervum
1746 4330 1788 4378 eo
1803 4310 1898 4396 loco,
1925 4279 1932 4292 ’

263 4447 322 4515 ubi
347 4447 432 4516 alibi
460 4448 548 4517 illud
571 4448 735 4539 ganglion
760 4449 910 4540 positum
932 4460 1001 4534 est,
1035 4449 1281 4539 aliquantulum
1310 4458 1554 4518 tumescentem
1584 4448 1667 4518 vidi.
1736 4446 1899 4517 Ceterum

262 4586 376 4654 omnia
392 4587 441 4657 uti
459 4588 494 4658 iu
514 4587 640 4664 ceteris
657 4587 776 4657 bestiis
797 4608 871 4658 sese
890 4587 1092 4657 habuerunt.
1151 4587 1323 4684 Ganglion
1340 4588 1509 4657 cervicale
1526 4608 1723 4677 supremum
1740 4581 1899 4692 ‚Sympo-

263 4721 354 4794 tdr'ci
371 4729 552 4798 rotundam
570 4726 694 4797 habuit
713 4697 868 4797 formam.
919 4721 1175 4825 Sympatlzicus
1191 4729 1266 4821 ipse
1286 4749 1365 4799 cum
1386 4724 1498 4828 Vago
1518 4752 1623 4801 nexus
1639 4740 1720 4800 erat

360 4864 401 4934 ln
413 4863 554 4959 Lepore
561 4863 728 4938 cuniculo
743 4864 987 4958 Accessorius
1002 4866 1047 4936 ad
1056 4870 1214 4958 quintum
1231 4869 1452 4939 cervicalium
1470 4891 1611 4940 nemum
1628 4869 1760 4960 incipit.
1786 4867 1826 4936 lo
1843 4867 1899 4938 lo-

263 5005 393 5076 ramine
410 5006 525 5076 lacero
547 5031 613 5078 nou
635 5009 683 5078 ita
699 5021 793 5078 arcte
821 5029 900 5078 cum
925 5003 970 5077 V
963 5029 1036 5105 ago
1059 5009 1264 5103 conjunctus
1279 5018 1349 5095 est,
1374 5007 1438 5078 sed
1455 5009 1570 5078 statim
1587 5015 1665 5100 post
1680 5026 1857 5099 egressum
1879 5029 1899 5076 e
1980 5015 1986 5025 '

266 5145 382 5214 cranio
401 5147 437 5214 iu
456 5145 543 5217 dnos
560 5146 728 5218 dividitur
743 5169 873 5236 ramos,
907 5169 1054 5247 quorum
1072 5117 1223 5223 internus
1241 5160 1332 5222 totns
1351 5150 1397 5219 ad
1419 5145 1567 5246 Vagam
1586 5170 1623 5220 se
1641 5149 1831 5237 convertit,
1864 5159 1898 5220 et

266 5306 331 5356 una
350 5287 514 5359 cumillis
538 5285 644 5388 liuius
665 5288 761 5358 nervi
784 5311 914 5360 rarnum
939 5285 1200 5390 Plaryngenrn
1226 5289 1360 5359 format
1417 5283 1666 5384 &mpatiicus
1686 5308 1765 5360 caru
1787 5282 1898 5384 Vago
