4678 6170
441 647 492 722 84

441 840 585 928 minori,
608 837 766 909 sensidca
787 833 936 930 portioni
955 833 1078 928 majori
1101 833 1273 903 tribuitur.
1308 831 1427 902 'Haeo
1450 829 1562 901 omnia
1589 852 1701 922 neque
1721 830 1970 904 dubitationem
1995 813 2071 905 mo-

441 990 538 1067 vent,
555 999 619 1051 neo
632 976 812 1048 offendunt
822 983 1043 1066 quemquam.
1091 973 1199 1063 Atqui
1211 970 1316 1058 ratio,
1334 979 1492 1061 quaeest
1504 968 1761 1042 Accessbn'um
1776 972 1863 1041 inter
1879 981 1913 1041 et
1925 971 2070 1070 Vagum

442 1141 508 1190 non
527 1119 574 1186 ita
592 1118 737 1184 multum
756 1139 777 1184 a
793 1114 935 1184 ratione·
948 1111 1086 1202 differt,
1110 1133 1199 1201 quae
1218 1111 1309 1179 inter
1324 1112 1517 1202 portionem
1535 1110 1702 1203 majoram
1723 1120 1759 1181 et
1777 1110 1941 1181 minorem
1961 1111 2070 1184 inter·

442 1257 545 1326 sedit
592 1255 682 1328 Natu
700 1245 940 1325 Accessorius
957 1259 992 1320 et
1014 1245 1144 1346 Vagus
1161 1271 1203 1318 ex
1220 1248 1340 1317 eadem
1360 1257 1459 1339 parte
1476 1249 1648 1318 medullae
1663 1248 1803 1340 spinalis
1819 1258 1854 1317 et
1868 1247 2072 1342 oblongatao

441 1397 525 1467 oriri
538 1395 726 1477 ,videntur3
758 1392 860 1462 ambo
876 1399 953 1460 sunt
971 1389 1203 1459 diversissima
1223 1395 1411 1469 structum
1444 1386 1619 1478 coniuncti
1635 1398 1749 1458 antem
1769 1388 1913 1457 mixtum
1932 1409 2074 1458 nemum

440 1497 573 1621 creant,
597 1532 696 1624 eujus
717 1554 757 1601 ea
772 1553 872 1623 pars,
897 1541 986 1621 quae
1009 1523 1121 1622 Vaga
1143 1525 1309 1612 efficitur,
1332 1526 1483 1617 portioni
1502 1524 1647 1618 majori,
1670 1525 1795 1612 altera,
1817 1547 1920 1615 quam
1934 1522 2072 1598 Acces-

439 1674 562 1742 sorius
576 1669 704 1757 efficit,
729 1661 878 1761 por'tioai
893 1667 1018 1738 minori
1040 1686 1181 1759 prorsus
1204 1663 1398 1755 respondet
1457 1663 1580 1734 Nonne
1600 1664 1683 1734 inde
1702 1679 1835 1734 summo
1848 1662 1930 1754 jure
1950 1664 2070 1757 colligi

439 1811 549 1902 possit
571 1805 734 1905 Vagam,
758 1831 861 1897 quem
878 1805 1030 1898 portioni
1046 1802 1170 1895 majori
1190 1823 1391 1893 comparare
1408 1801 1512 1889 lieet,
1537 1803 1772 1906 sensibilitati,
1797 1797 2069 1889 Accessorium,

439 1974 542 2041 quem
557 1953 708 2044 portioni
725 1950 848 2020 minori
869 1946 1081 2018 simillimum
1098 1967 1174 2016 esse
1193 1943 1363 2032 vidimus,
1388 1948 1495 2016 motui
1511 1943 1702 2038 praeesset
1866 2031 1871 2043 Ι

383 2051 389 2066 ’
539 2089 615 2158 Nee
632 2085 714 2158 ve'ro
733 2088 872 2174 modus,
899 2108 968 2176 quo
987 2084 1114 2170 oritur,
1146 2103 1209 2152 uec
1231 2077 1397 2153 decursus
1416 2081 1631 2156 Accerserit
1655 2105 1716 2154 uos
1744 2083 1852 2155 debet
1878 2083 2072 2166 otiandum

438 2229 602 2298 miremur
619 2228 733 2318 potius
753 2234 891 2317 oportet
913 2247 992 2296 oum
1012 2224 1154 2322 Sennea
1183 2243 1388 2311 quamquam
1410 2222 1512 2290 alium
1529 2225 1577 2291 ob
1594 2243 1730 2293 causam
1747 2224 1988 2315 praestantiam
2012 2247 2071 2292 us·
2148 2282 2151 2293 .

439 2378 554 2454 turae,
578 2389 680 2457 qnam
700 2365 889 2458 prudenter
906 2381 1022 2434 omnes
1041 2386 1097 2432 res
1115 2363 1161 2430 ad
1179 2385 1235 2431 eas
1252 2360 1351 2451 leges
1371 2381 1457 2449 quas
1474 2361 1580 2429 semel
1601 2361 1735 2454 posuit,
1758 2361 1905 2458 effingat
1958 2357 2070 2455 Vugo

377 2535 379 2538 ·
442 2509 531 2577 enim
550 2519 629 2576 oum
648 2506 693 2576 sit
709 2529 749 2575 ea
767 2505 946 2597 provincia
961 2504 1182 2590 demandata,
1207 2511 1247 2571 ut
1261 2497 1478 2567 membranae
1496 2519 1652 2568 mucosus
1670 2499 1822 2568 universi
1835 2499 2070 2590 respirationis

440 2654 622 2739 apparatus
639 2654 674 2714 et
691 2643 871 2714 ventriculi
892 2613 1089 2712 facultatem
1106 2637 1274 2711 sentiendi
1291 2637 1469 2725 attribuat,
1496 2638 1603 2731 hujus
1620 2640 1714 2708 nervi
1730 2639 1862 2710 tenedo
1880 2649 1950 2708 tam
1965 2639 2071 2732 longe

440 2785 577 2873 lateque
592 2791 704 2875 patet,
729 2791 767 2851 ut
783 2792 920 2869 natura,
944 2783 974 2850 si
990 2781 1156 2850 rationem
1173 2799 1269 2847 suam
1284 2798 1393 2866 usqne
1410 2798 1545 2882 quaque
1565 2785 1770 2868 potestatem
1788 2779 1969 2846 motorium
1989 2797 2067 2846 cum

439 2923 596 2994 sensifico
616 2918 805 3016 jungendi,
838 2922 876 2990 iu
908 2919 1140 3012 periphericis
1172 2915 1276 3014 Vaga·
1303 2917 1370 2988 iilis
1398 2917 1474 2987 sine
1500 2917 1686 3009 multiplici
1711 2939 1752 2988 ae
1773 2918 1869 2990 nario
1889 2939 2070 2988 nervorum

439 3070 605 3155 apparatu
636 3061 760 3150 exequi
786 3081 852 3128 non
880 3058 1063 3150 potuisset·
1129 3057 1251 3145 Itaque
1275 3054 1379 3122 aliam
1404 3053 1496 3122 viam
1520 3053 1676 3148 ingressa
1701 3064 1771 3143 est,
1815 3078 1883 3145 qua
1906 3054 1945 3123 id
1976 3055 2071 3144 quod

439 3204 549 3272 voluit
568 3224 671 3291 quam
690 3199 1028 3292 compendiosissime
1051 3203 1232 3286 assequuta
1257 3203 1315 3264 est
1369 3193 1492 3263 Junxit
1510 3195 1670 3264 nimirum
1696 3215 1838 3267 nervum
1859 3194 2071 3280 sensilium,

445 3340 613 3438 Vagum,
649 3341 812 3411 continuo
838 3341 882 3408 ab
910 3349 987 3408 ortu
1008 3359 1090 3424 suo,
1124 3360 1204 3407 cum
1232 3303 1337 3405 uerso
1358 3332 1521 3420 moterlo,
1552 3331 1799 3417 Accesser1'03
1835 3303 1911 3423 quo·
1924 3333 2018 3402 facto
2038 3341 2072 3400 et

438 3491 617 3572 utramque
638 3482 733 3549 illam
748 3487 952 3572 potestatem
972 3477 1111 3569 organis
1127 3469 1361 3568 respirationis
1381 3479 1417 3538 et
1439 3471 1630 3540 ventriculo
1654 3471 1793 3556 tribuit,
1818 3478 1853 3540 et
1874 3471 1976 3540 simul
2001 3469 2072 3536 vim

437 3623 553 3708 illam,
590 3642 693 3709 quam
713 3617 901 3686 medullam
918 3616 1140 3709 oblongatam
1167 3615 1202 3682 iu
1221 3610 1454 3700 respirationis
1470 3619 1599 3676 motum
1623 3631 1726 3696 quam
1743 3609 1890 3678 maxime
1908 3628 2071 3678 exercere

438 3763 582 3846 seimus,
606 3758 642 3826 in
674 3753 821 3852 Vagam
845 3739 1043 3826 transduxit

536 4181 657 4254 Mente
670 4179 777 4277 igitur
793 4185 866 4255 sola
885 4193 919 4253 et
935 4185 1105 4254 anatomia
1124 4183 1236 4270 duee,
1260 4184 1300 4253 id
1315 4185 1409 4274 quod
1430 4183 1569 4254 maximi
1587 4194 1638 4256 est
1652 4187 1835 4275 momenti,
1859 4187 2070 4278 assequimur

438 4329 476 4390 ut
491 4322 750 4416 intelligamus,
780 4322 979 4412 ubieunque
995 4321 1031 4389 in
1048 4320 1208 4418 organis,
1240 4324 1393 4412 adquae
1415 4319 1547 4419 Vagus
1564 4323 1774 4396 dimicetur
1780 4375 1792 4410 ,
1815 4335 1926 4396 motus
1948 4346 2072 4394 cerna-

437 4471 511 4550 tur,
534 4462 628 4534 hune
645 4471 774 4533 motum
794 4485 864 4534 uon
889 4459 934 4532 V
926 4481 1000 4559 ago
1020 4468 1195 4550 tamquam
1213 4461 1295 4549 tali,
1319 4461 1383 4532 sed
1399 4462 1430 4531 el
1447 4463 1538 4555 parti
1554 4483 1658 4553 quam
1677 4465 1721 4534 ab
1739 4463 1958 4536 Accessorio
1976 4463 2072 4533 acci-

437 4602 491 4694 pit
517 4601 737 4673 tribuendum
759 4624 854 4685 esser
894 4622 1029 4691 exque
1054 4602 1211 4690 sequitur
1238 4596 1496 4670 Aecesson‘um
1523 4621 1664 4672 nemum
1691 4621 1786 4689 esse,
1822 4603 1883 4690 qui
1910 4601 2073 4672 musculis

437 4743 592 4838 laryngis
619 4745 688 4812 vim
714 4742 895 4814 motorium
921 4740 1067 4829 tribuat,
1100 4741 1173 4812 sine
1193 4762 1263 4830 quo
1287 4741 1397 4835 igitur
1423 4743 1516 4811 nulla
1540 4763 1607 4812 vox
1631 4742 1708 4810 fieri
1740 4742 1870 4834 possit3
1926 4740 2073 4839 Vagum

440 4891 552 4953 autem
575 4883 768 4954 sensilianm
784 4845 1020 4952 tantummodo
1038 4903 1180 4949 nervum
1197 4901 1288 4964 esse,
1314 4878 1408 4946 etad
1426 4879 1658 4948 membranam
1671 4899 1845 4951 muoosam
1865 4903 2073 4975 organorum

440 5041 530 5108 quae
553 5021 587 5091 iu
607 5022 683 5114 ejus
701 5021 879 5113 provincia
901 5020 968 5124 silut
987 5018 1157 5106 delatum,
1189 5017 1232 5086 iis
1253 5039 1330 5087 eam
1353 5019 1531 5112 impertire
1552 5021 1827 5108 sensibilitatem,
1860 5043 1929 5112 qua
1950 5023 2081 5093 ceteris.

441 5161 598 5242 emnibus
621 5161 834 5231 antecellant.
1316 5144 1323 5152 ’
