<?xml version="1.0" encoding="UTF-8"?>
<!DOCTYPE html PUBLIC "-//W3C//DTD XHTML 1.0 Transitional//EN"
    "http://www.w3.org/TR/xhtml1/DTD/xhtml1-transitional.dtd">
<html xmlns="http://www.w3.org/1999/xhtml" xml:lang="en" lang="en">
 <head>
  <title>
</title>
<meta http-equiv="Content-Type" content="text/html;charset=utf-8" />
  <meta name='ocr-system' content='tesseract 3.04.00' />
  <meta name='ocr-capabilities' content='ocr_page ocr_carea ocr_par ocr_line ocrx_word'/>
</head>
<body>
  <div class='ocr_page' id='page_1' title='image "./nerviaccessorii00biscgoog_0074.png"; bbox 0 0 4678 6170; ppageno 0'>
   <div class='ocr_carea' id='block_1_1' title="bbox 1840 607 1891 684">
    <p class='ocr_par' dir='ltr' id='par_1_1' title="bbox 1840 607 1891 684">
     <span class='ocr_line' id='line_1_1' title="bbox 1840 607 1891 684; baseline 0 0"><span class='ocrx_word' id='word_1_1' title='bbox 1840 607 1891 684; x_wconf 74' lang='lat'><strong>65</strong></span> 
     </span>
    </p>
   </div>
   <div class='ocr_carea' id='block_1_2' title="bbox 261 798 1892 2412">
    <p class='ocr_par' dir='ltr' id='par_1_2' title="bbox 263 798 1892 1310">
     <span class='ocr_line' id='line_1_2' title="bbox 265 798 1890 899; baseline 0.002 -23"><span class='ocrx_word' id='word_1_2' title='bbox 265 825 354 898; x_wconf 84' lang='lat' dir='ltr'><strong>qnae</strong></span> <span class='ocrx_word' id='word_1_3' title='bbox 368 806 455 876; x_wconf 92' lang='lat' dir='ltr'><strong>ratio</strong></span> <span class='ocrx_word' id='word_1_4' title='bbox 470 814 558 876; x_wconf 89' lang='lat' dir='ltr'><strong>esset</strong></span> <span class='ocrx_word' id='word_1_5' title='bbox 571 801 825 877; x_wconf 81' lang='lat' dir='ltr'><strong>Acccssorr&#39;um</strong></span> <span class='ocrx_word' id='word_1_6' title='bbox 841 805 931 874; x_wconf 92' lang='lat' dir='ltr'><strong>inter</strong></span> <span class='ocrx_word' id='word_1_7' title='bbox 946 809 981 874; x_wconf 87' lang='lat' dir='ltr'><strong>et</strong></span> <span class='ocrx_word' id='word_1_8' title='bbox 1000 798 1045 873; x_wconf 90' lang='lat' dir='ltr'><em>V</em></span> <span class='ocrx_word' id='word_1_9' title='bbox 1037 823 1146 899; x_wconf 80' lang='lat' dir='ltr'><strong>egum</strong></span> <span class='ocrx_word' id='word_1_10' title='bbox 1160 812 1361 896; x_wconf 90' lang='lat' dir='ltr'><strong>cognosset,</strong></span> <span class='ocrx_word' id='word_1_11' title='bbox 1386 807 1502 875; x_wconf 84' lang='lat' dir='ltr'><strong>statuit</strong></span> <span class='ocrx_word' id='word_1_12' title='bbox 1514 802 1770 880; x_wconf 84' lang='lat' dir='ltr'><strong>Accessorr&#39;um</strong></span> <span class='ocrx_word' id='word_1_13' title='bbox 1786 811 1890 880; x_wconf 91' lang='lat' dir='ltr'><strong>etiarn</strong></span> 
     </span>
     <span class='ocr_line' id='line_1_3' title="bbox 264 941 1890 1043; baseline 0.004 -29"><span class='ocrx_word' id='word_1_14' title='bbox 264 949 299 1018; x_wconf 95' lang='lat' dir='ltr'><strong>in</strong></span> <span class='ocrx_word' id='word_1_15' title='bbox 321 944 467 1043; x_wconf 81' lang='lat' dir='ltr'><strong>Vagam</strong></span> <span class='ocrx_word' id='word_1_16' title='bbox 487 947 558 1016; x_wconf 83' lang='lat' dir='ltr'><strong>vim</strong></span> <span class='ocrx_word' id='word_1_17' title='bbox 580 967 740 1017; x_wconf 83' lang='lat' dir='ltr'><strong>exercere</strong></span> <span class='ocrx_word' id='word_1_18' title='bbox 761 945 813 1015; x_wconf 91' lang='lat' dir='ltr'><strong>ibi</strong></span> <span class='ocrx_word' id='word_1_19' title='bbox 833 963 986 1034; x_wconf 87' lang='lat' dir='ltr'><strong>quoquo,</strong></span> <span class='ocrx_word' id='word_1_20' title='bbox 1018 941 1080 1011; x_wconf 90' lang='lat' dir='ltr'><strong>ubl</strong></span> <span class='ocrx_word' id='word_1_21' title='bbox 1106 941 1200 1010; x_wconf 85' lang='lat' dir='ltr'><strong>velut</strong></span> <span class='ocrx_word' id='word_1_22' title='bbox 1228 942 1263 1010; x_wconf 91' lang='lat' dir='ltr'><strong>in</strong></span> <span class='ocrx_word' id='word_1_23' title='bbox 1292 943 1407 1012; x_wconf 83' lang='lat' dir='ltr'><strong>nervis</strong></span> <span class='ocrx_word' id='word_1_24' title='bbox 1429 942 1618 1039; x_wconf 82' lang='lat' dir='ltr'><strong>Laryngis‚</strong></span> <span class='ocrx_word' id='word_1_25' title='bbox 1651 943 1890 1020; x_wconf 80' lang='lat' dir='ltr'><strong>Accessorius</strong></span> 
     </span>
     <span class='ocr_line' id='line_1_4' title="bbox 263 1079 1892 1180; baseline 0.002 -28"><span class='ocrx_word' id='word_1_26' title='bbox 263 1107 283 1152; x_wconf 93' lang='lat' dir='ltr'><strong>a</strong></span> <span class='ocrx_word' id='word_1_27' title='bbox 299 1085 366 1155; x_wconf 90' lang='lat' dir='ltr'><strong>lili</strong></span> <span class='ocrx_word' id='word_1_28' title='bbox 378 1083 422 1154; x_wconf 93' lang='lat' dir='ltr'><em>V</em></span> <span class='ocrx_word' id='word_1_29' title='bbox 415 1085 480 1180; x_wconf 85' lang='lat' dir='ltr'><strong>agi</strong></span> <span class='ocrx_word' id='word_1_30' title='bbox 500 1105 565 1153; x_wconf 95' lang='lat' dir='ltr'><strong>non</strong></span> <span class='ocrx_word' id='word_1_31' title='bbox 581 1083 728 1175; x_wconf 89' lang='lat' dir='ltr'><strong>amplius</strong></span> <span class='ocrx_word' id='word_1_32' title='bbox 746 1081 854 1152; x_wconf 90' lang='lat' dir='ltr'><strong>oculis</strong></span> <span class='ocrx_word' id='word_1_33' title='bbox 873 1079 1007 1151; x_wconf 76' lang='lat' dir='ltr'><strong>secerni</strong></span> <span class='ocrx_word' id='word_1_34' title='bbox 1026 1087 1160 1172; x_wconf 60' lang='lat' dir='ltr'><strong>posset,</strong></span> <span class='ocrx_word' id='word_1_35' title='bbox 1184 1089 1288 1169; x_wconf 88' lang='lat' dir='ltr'><strong>atque</strong></span> <span class='ocrx_word' id='word_1_36' title='bbox 1306 1079 1395 1152; x_wconf 91' lang='lat' dir='ltr'><strong>haec</strong></span> <span class='ocrx_word' id='word_1_37' title='bbox 1411 1083 1563 1174; x_wconf 77' lang='lat' dir='ltr'><strong>opinatio</strong></span> <span class='ocrx_word' id='word_1_38' title='bbox 1583 1105 1664 1156; x_wconf 89' lang='lat' dir='ltr'><strong>sane</strong></span> <span class='ocrx_word' id='word_1_39' title='bbox 1681 1085 1892 1171; x_wconf 87' lang='lat' dir='ltr'><strong>acutissima,</strong></span> 
     </span>
     <span class='ocr_line' id='line_1_5' title="bbox 263 1215 1259 1310; baseline -0.005 -20"><span class='ocrx_word' id='word_1_40' title='bbox 263 1241 401 1309; x_wconf 85' lang='lat' dir='ltr'><strong>verum,</strong></span> <span class='ocrx_word' id='word_1_41' title='bbox 426 1229 464 1290; x_wconf 93' lang='lat' dir='ltr'><strong>ut</strong></span> <span class='ocrx_word' id='word_1_42' title='bbox 483 1221 574 1288; x_wconf 85' lang='lat' dir='ltr'><strong>inira</strong></span> <span class='ocrx_word' id='word_1_43' title='bbox 593 1217 810 1304; x_wconf 80' lang='lat' dir='ltr'><strong>monstrabo,</strong></span> <span class='ocrx_word' id='word_1_44' title='bbox 834 1237 917 1305; x_wconf 89' lang='lat' dir='ltr'><strong>acu,</strong></span> <span class='ocrx_word' id='word_1_45' title='bbox 940 1226 979 1286; x_wconf 93' lang='lat' dir='ltr'><strong>nt</strong></span> <span class='ocrx_word' id='word_1_46' title='bbox 994 1215 1109 1308; x_wconf 89' lang='lat' dir='ltr'><strong>ajunt,</strong></span> <span class='ocrx_word' id='word_1_47' title='bbox 1132 1217 1259 1310; x_wconf 83' lang='lat' dir='ltr'><strong>tetigit</strong></span> 
     </span>
    </p>

    <p class='ocr_par' dir='ltr' id='par_1_3' title="bbox 261 1355 1890 2412">
     <span class='ocr_line' id='line_1_6' title="bbox 360 1355 1888 1448; baseline 0.001 -22"><span class='ocrx_word' id='word_1_48' title='bbox 360 1355 525 1428; x_wconf 78' lang='lat' dir='ltr'><strong>Scaurus</strong></span> <span class='ocrx_word' id='word_1_49' title='bbox 542 1357 661 1448; x_wconf 92' lang='lat' dir='ltr'><strong>opinio</strong></span> <span class='ocrx_word' id='word_1_50' title='bbox 686 1355 725 1424; x_wconf 91' lang='lat' dir='ltr'><strong>id</strong></span> <span class='ocrx_word' id='word_1_51' title='bbox 747 1355 855 1424; x_wconf 87' lang='lat' dir='ltr'><strong>habet</strong></span> <span class='ocrx_word' id='word_1_52' title='bbox 872 1375 951 1424; x_wconf 91' lang='lat' dir='ltr'><strong>cum</strong></span> <span class='ocrx_word' id='word_1_53' title='bbox 969 1355 1092 1424; x_wconf 86' lang='lat' dir='ltr'><strong>ceteris</strong></span> <span class='ocrx_word' id='word_1_54' title='bbox 1115 1375 1312 1441; x_wconf 89' lang='lat' dir='ltr'><strong>commune,</strong></span> <span class='ocrx_word' id='word_1_55' title='bbox 1337 1355 1425 1423; x_wconf 87' lang='lat' dir='ltr'><strong>utin</strong></span> <span class='ocrx_word' id='word_1_56' title='bbox 1444 1377 1483 1424; x_wconf 89' lang='lat' dir='ltr'><strong>ea</strong></span> <span class='ocrx_word' id='word_1_57' title='bbox 1505 1377 1643 1446; x_wconf 88' lang='lat' dir='ltr'><strong>qnoque</strong></span> <span class='ocrx_word' id='word_1_58' title='bbox 1669 1378 1751 1426; x_wconf 86' lang='lat' dir='ltr'><strong>vera</strong></span> <span class='ocrx_word' id='word_1_59' title='bbox 1777 1355 1888 1444; x_wconf 77' lang='lat' dir='ltr'><strong>salsis,</strong></span> 
     </span>
     <span class='ocr_line' id='line_1_7' title="bbox 264 1491 1889 1587; baseline -0.001 -24"><span class='ocrx_word' id='word_1_60' title='bbox 264 1496 439 1587; x_wconf 85' lang='lat' dir='ltr'><strong>explorata</strong></span> <span class='ocrx_word' id='word_1_61' title='bbox 456 1493 594 1564; x_wconf 87' lang='lat' dir='ltr'><strong>incertis</strong></span> <span class='ocrx_word' id='word_1_62' title='bbox 611 1493 794 1562; x_wconf 81' lang='lat' dir='ltr'><strong>commixta</strong></span> <span class='ocrx_word' id='word_1_63' title='bbox 812 1493 899 1574; x_wconf 87' lang='lat' dir='ltr'><strong>sint;</strong></span> <span class='ocrx_word' id='word_1_64' title='bbox 932 1491 1021 1560; x_wconf 91' lang='lat' dir='ltr'><strong>illud</strong></span> <span class='ocrx_word' id='word_1_65' title='bbox 1038 1499 1150 1562; x_wconf 91' lang='lat' dir='ltr'><strong>tamen</strong></span> <span class='ocrx_word' id='word_1_66' title='bbox 1166 1499 1297 1562; x_wconf 88' lang='lat' dir='ltr'><strong>constat</strong></span> <span class='ocrx_word' id='word_1_67' title='bbox 1317 1492 1544 1562; x_wconf 75' lang='lat' dir='ltr'><strong>acutissimam</strong></span> <span class='ocrx_word' id='word_1_68' title='bbox 1561 1501 1598 1562; x_wconf 89' lang='lat' dir='ltr'><strong>et</strong></span> <span class='ocrx_word' id='word_1_69' title='bbox 1617 1493 1889 1586; x_wconf 88' lang='lat' dir='ltr'><strong>ingeniosissime</strong></span> 
     </span>
     <span class='ocr_line' id='line_1_8' title="bbox 263 1631 1890 1725; baseline -0.001 -24"><span class='ocrx_word' id='word_1_70' title='bbox 263 1634 467 1725; x_wconf 79' lang='lat' dir='ltr'><strong>explicatam</strong></span> <span class='ocrx_word' id='word_1_71' title='bbox 482 1641 673 1704; x_wconf 89' lang='lat' dir='ltr'><strong>ceterarum</strong></span> <span class='ocrx_word' id='word_1_72' title='bbox 688 1633 840 1700; x_wconf 89' lang='lat' dir='ltr'><strong>omnium</strong></span> <span class='ocrx_word' id='word_1_73' title='bbox 852 1633 1093 1700; x_wconf 90' lang='lat' dir='ltr'><strong>sententiarum</strong></span> <span class='ocrx_word' id='word_1_74' title='bbox 1112 1653 1195 1702; x_wconf 90' lang='lat' dir='ltr'><strong>esse.</strong></span> <span class='ocrx_word' id='word_1_75' title='bbox 1254 1632 1384 1701; x_wconf 85' lang='lat' dir='ltr'><strong>Verum</strong></span> <span class='ocrx_word' id='word_1_76' title='bbox 1411 1631 1641 1723; x_wconf 82' lang='lat' dir='ltr'><strong>prohdolor!</strong></span> <span class='ocrx_word' id='word_1_77' title='bbox 1672 1633 1890 1702; x_wconf 80' lang='lat' dir='ltr'><strong>fundamenta</strong></span> 
     </span>
     <span class='ocr_line' id='line_1_9' title="bbox 261 1767 1890 1863; baseline 0.003 -27"><span class='ocrx_word' id='word_1_78' title='bbox 261 1767 367 1862; x_wconf 86' lang='lat' dir='ltr'><strong>hujus</strong></span> <span class='ocrx_word' id='word_1_79' title='bbox 379 1770 563 1838; x_wconf 88' lang='lat' dir='ltr'><strong>sententiae</strong></span> <span class='ocrx_word' id='word_1_80' title='bbox 576 1767 788 1858; x_wconf 87' lang='lat' dir='ltr'><strong>hypotheses</strong></span> <span class='ocrx_word' id='word_1_81' title='bbox 800 1776 877 1836; x_wconf 89' lang='lat' dir='ltr'><strong>sunt</strong></span> <span class='ocrx_word' id='word_1_82' title='bbox 886 1776 920 1835; x_wconf 89' lang='lat' dir='ltr'><strong>et</strong></span> <span class='ocrx_word' id='word_1_83' title='bbox 932 1769 1125 1858; x_wconf 81' lang='lat' dir='ltr'><strong>opiniones,</strong></span> <span class='ocrx_word' id='word_1_84' title='bbox 1141 1781 1350 1859; x_wconf 90' lang='lat' dir='ltr'><strong>quacnostra</strong></span> <span class='ocrx_word' id='word_1_85' title='bbox 1363 1779 1492 1859; x_wconf 85' lang='lat' dir='ltr'><strong>aetate,</strong></span> <span class='ocrx_word' id='word_1_86' title='bbox 1509 1780 1690 1863; x_wconf 74' lang='lat' dir='ltr'><strong>postquam</strong></span> <span class='ocrx_word' id='word_1_87' title='bbox 1705 1782 1836 1841; x_wconf 88' lang='lat' dir='ltr'><strong>tantum</strong></span> <span class='ocrx_word' id='word_1_88' title='bbox 1853 1773 1890 1841; x_wconf 88' lang='lat' dir='ltr'><strong>in</strong></span> 
     </span>
     <span class='ocr_line' id='line_1_10' title="bbox 261 1907 1890 2002; baseline 0.001 -26"><span class='ocrx_word' id='word_1_89' title='bbox 261 1907 318 1976; x_wconf 81' lang='lat' dir='ltr'><strong>lais</strong></span> <span class='ocrx_word' id='word_1_90' title='bbox 331 1908 438 1976; x_wconf 89' lang='lat' dir='ltr'><strong>literis</strong></span> <span class='ocrx_word' id='word_1_91' title='bbox 450 1907 677 1998; x_wconf 80' lang='lat' dir='ltr'><strong>profecimus,</strong></span> <span class='ocrx_word' id='word_1_92' title='bbox 696 1907 779 1977; x_wconf 85' lang='lat' dir='ltr'><strong>ferri</strong></span> <span class='ocrx_word' id='word_1_93' title='bbox 792 1907 939 1997; x_wconf 89' lang='lat' dir='ltr'><strong>amplius</strong></span> <span class='ocrx_word' id='word_1_94' title='bbox 952 1917 1143 1995; x_wconf 80' lang='lat' dir='ltr'><strong>nequeunt3</strong></span> <span class='ocrx_word' id='word_1_95' title='bbox 1162 1916 1196 1975; x_wconf 91' lang='lat' dir='ltr'><strong>et</strong></span> <span class='ocrx_word' id='word_1_96' title='bbox 1209 1929 1275 1975; x_wconf 93' lang='lat' dir='ltr'><strong>una</strong></span> <span class='ocrx_word' id='word_1_97' title='bbox 1287 1929 1365 1977; x_wconf 93' lang='lat' dir='ltr'><strong>cum</strong></span> <span class='ocrx_word' id='word_1_98' title='bbox 1376 1909 1559 2002; x_wconf 81' lang='lat' dir='ltr'><strong>principiis</strong></span> <span class='ocrx_word' id='word_1_99' title='bbox 1571 1917 1640 1978; x_wconf 93' lang='lat' dir='ltr'><strong>tota</strong></span> <span class='ocrx_word' id='word_1_100' title='bbox 1653 1911 1739 1978; x_wconf 91' lang='lat' dir='ltr'><strong>ratio</strong></span> <span class='ocrx_word' id='word_1_101' title='bbox 1752 1911 1890 1979; x_wconf 84' lang='lat' dir='ltr'><strong>corruit</strong></span> 
     </span>
     <span class='ocr_line' id='line_1_11' title="bbox 261 2043 1887 2142; baseline 0.001 -30"><span class='ocrx_word' id='word_1_102' title='bbox 261 2045 372 2114; x_wconf 82' lang='lat' dir='ltr'><strong>Recte</strong></span> <span class='ocrx_word' id='word_1_103' title='bbox 389 2043 530 2133; x_wconf 83' lang='lat' dir='ltr'><strong>qnidam</strong></span> <span class='ocrx_word' id='word_1_104' title='bbox 547 2047 625 2132; x_wconf 85' lang='lat' dir='ltr'><strong>ille,</strong></span> <span class='ocrx_word' id='word_1_105' title='bbox 649 2045 688 2114; x_wconf 91' lang='lat' dir='ltr'><strong>id</strong></span> <span class='ocrx_word' id='word_1_106' title='bbox 708 2044 802 2134; x_wconf 91' lang='lat' dir='ltr'><strong>qnod</strong></span> <span class='ocrx_word' id='word_1_107' title='bbox 822 2045 856 2113; x_wconf 95' lang='lat' dir='ltr'><strong>in</strong></span> <span class='ocrx_word' id='word_1_108' title='bbox 872 2044 939 2115; x_wconf 88' lang='lat' dir='ltr'><strong>bac</strong></span> <span class='ocrx_word' id='word_1_109' title='bbox 955 2045 1152 2135; x_wconf 73' lang='lat' dir='ltr'><strong>quaestione</strong></span> <span class='ocrx_word' id='word_1_110' title='bbox 1169 2065 1338 2114; x_wconf 90' lang='lat' dir='ltr'><strong>summum</strong></span> <span class='ocrx_word' id='word_1_111' title='bbox 1354 2053 1424 2130; x_wconf 90' lang='lat' dir='ltr'><strong>est,</strong></span> <span class='ocrx_word' id='word_1_112' title='bbox 1448 2043 1659 2116; x_wconf 74' lang='lat' dir='ltr'><strong>Accesserat</strong></span> <span class='ocrx_word' id='word_1_113' title='bbox 1676 2067 1754 2114; x_wconf 88' lang='lat' dir='ltr'><strong>cum</strong></span> <span class='ocrx_word' id='word_1_114' title='bbox 1776 2043 1822 2114; x_wconf 91' lang='lat' dir='ltr'><em>V</em></span> <span class='ocrx_word' id='word_1_115' title='bbox 1814 2065 1887 2142; x_wconf 85' lang='lat' dir='ltr'><strong>ugo</strong></span> 
     </span>
     <span class='ocr_line' id='line_1_12' title="bbox 261 2183 1889 2277; baseline 0.002 -24"><span class='ocrx_word' id='word_1_116' title='bbox 261 2184 476 2276; x_wconf 87' lang='lat' dir='ltr'><strong>conjunctio,</strong></span> <span class='ocrx_word' id='word_1_117' title='bbox 500 2185 616 2273; x_wconf 92' lang='lat' dir='ltr'><strong>quanti</strong></span> <span class='ocrx_word' id='word_1_118' title='bbox 632 2193 719 2254; x_wconf 87' lang='lat' dir='ltr'><strong>esset</strong></span> <span class='ocrx_word' id='word_1_119' title='bbox 732 2185 915 2270; x_wconf 82' lang='lat' dir='ltr'><strong>momenti,</strong></span> <span class='ocrx_word' id='word_1_120' title='bbox 939 2183 1050 2277; x_wconf 86' lang='lat' dir='ltr'><strong>probe</strong></span> <span class='ocrx_word' id='word_1_121' title='bbox 1066 2184 1251 2272; x_wconf 80' lang='lat' dir='ltr'><strong>intellexit,</strong></span> <span class='ocrx_word' id='word_1_122' title='bbox 1282 2185 1335 2272; x_wconf 84' lang='lat' dir='ltr'><strong>et&#39;,</strong></span> <span class='ocrx_word' id='word_1_123' title='bbox 1370 2185 1559 2255; x_wconf 90' lang='lat' dir='ltr'><strong>dummodo</strong></span> <span class='ocrx_word' id='word_1_124' title='bbox 1581 2185 1889 2272; x_wconf 85' lang='lat' dir='ltr'><strong>animadvertisset,</strong></span> 
     </span>
     <span class='ocr_line' id='line_1_13' title="bbox 261 2321 1888 2412; baseline 0.002 -22"><span class='ocrx_word' id='word_1_125' title='bbox 261 2321 549 2410; x_wconf 86' lang='lat' dir='ltr'><strong>quemadmodum</strong></span> <span class='ocrx_word' id='word_1_126' title='bbox 571 2332 689 2390; x_wconf 88' lang='lat' dir='ltr'><strong>natura</strong></span> <span class='ocrx_word' id='word_1_127' title='bbox 712 2321 779 2390; x_wconf 85' lang='lat' dir='ltr'><strong>hac</strong></span> <span class='ocrx_word' id='word_1_128' title='bbox 797 2322 997 2390; x_wconf 90' lang='lat' dir='ltr'><strong>anastomosi</strong></span> <span class='ocrx_word' id='word_1_129' title='bbox 1027 2321 1237 2390; x_wconf 88' lang='lat' dir='ltr'><strong>cerebralcm</strong></span> <span class='ocrx_word' id='word_1_130' title='bbox 1264 2343 1342 2390; x_wconf 90' lang='lat' dir='ltr'><strong>cum</strong></span> <span class='ocrx_word' id='word_1_131' title='bbox 1368 2323 1491 2412; x_wconf 90' lang='lat' dir='ltr'><strong>spinali</strong></span> <span class='ocrx_word' id='word_1_132' title='bbox 1508 2346 1613 2393; x_wconf 82' lang='lat' dir='ltr'><strong>norm</strong></span> <span class='ocrx_word' id='word_1_133' title='bbox 1635 2325 1784 2392; x_wconf 87' lang='lat' dir='ltr'><strong>voluerit</strong></span> <span class='ocrx_word' id='word_1_134' title='bbox 1803 2345 1888 2394; x_wconf 92' lang='lat' dir='ltr'><strong>con-</strong></span> 
     </span>
    </p>
   </div>
   <div class='ocr_carea' id='block_1_3' title="bbox 2337 9 2340 1112">
    <p class='ocr_par' dir='ltr' id='par_1_4' title="bbox 2337 9 2340 1112">
     <span class='ocr_line' id='line_1_14' title="bbox 2337 9 2340 1112; baseline 0 0"><span class='ocrx_word' id='word_1_135' title='bbox 2337 9 2340 1112; x_wconf 95' lang='lat' dir='ltr'><strong> </strong></span> 
     </span>
    </p>
   </div>
   <div class='ocr_carea' id='block_1_4' title="bbox 256 2455 1990 2550">
    <p class='ocr_par' dir='ltr' id='par_1_5' title="bbox 256 2455 1990 2550">
     <span class='ocr_line' id='line_1_15' title="bbox 256 2455 1990 2550; baseline 0.003 -24"><span class='ocrx_word' id='word_1_136' title='bbox 256 2455 425 2550; x_wconf 82' lang='lat' dir='ltr'><strong>jungere,</strong></span> <span class='ocrx_word' id='word_1_137' title='bbox 460 2457 546 2525; x_wconf 89' lang='lat' dir='ltr'><strong>nihil</strong></span> <span class='ocrx_word' id='word_1_138' title='bbox 565 2459 675 2540; x_wconf 80' lang='lat' dir='ltr'><strong>foret,</strong></span> <span class='ocrx_word' id='word_1_139' title='bbox 709 2457 803 2546; x_wconf 91' lang='lat' dir='ltr'><strong>quod</strong></span> <span class='ocrx_word' id='word_1_140' title='bbox 818 2458 902 2550; x_wconf 86' lang='lat' dir='ltr'><strong>jure</strong></span> <span class='ocrx_word' id='word_1_141' title='bbox 922 2456 1005 2525; x_wconf 91' lang='lat' dir='ltr'><strong>huic</strong></span> <span class='ocrx_word' id='word_1_142' title='bbox 1022 2457 1206 2527; x_wconf 84' lang='lat' dir='ltr'><strong>sententiae</strong></span> <span class='ocrx_word' id='word_1_143' title='bbox 1228 2467 1344 2548; x_wconf 88' lang='lat' dir='ltr'><strong>posset</strong></span> <span class='ocrx_word' id='word_1_144' title='bbox 1364 2460 1513 2549; x_wconf 89' lang='lat' dir='ltr'><strong>opponi,</strong></span> <span class='ocrx_word' id='word_1_145' title='bbox 1546 2482 1751 2549; x_wconf 89' lang='lat' dir='ltr'><strong>quamquam</strong></span> <span class='ocrx_word' id='word_1_146' title='bbox 1774 2485 1816 2530; x_wconf 91' lang='lat' dir='ltr'><strong>ue</strong></span> <span class='ocrx_word' id='word_1_147' title='bbox 1837 2462 1890 2531; x_wconf 88' lang='lat' dir='ltr'><strong>sic</strong></span> <span class='ocrx_word' id='word_1_148' title='bbox 1983 2523 1990 2532; x_wconf 88' lang='lat'><em>.</em></span> 
     </span>
    </p>
   </div>
   <div class='ocr_carea' id='block_1_5' title="bbox 261 2559 1891 2836">
    <p class='ocr_par' dir='ltr' id='par_1_6' title="bbox 261 2559 1891 2836">
     <span class='ocr_line' id='line_1_16' title="bbox 261 2559 1888 2686; baseline 0.003 -24"><span class='ocrx_word' id='word_1_149' title='bbox 261 2594 403 2683; x_wconf 88' lang='lat' dir='ltr'><strong>quidem</strong></span> <span class='ocrx_word' id='word_1_150' title='bbox 419 2604 619 2686; x_wconf 87' lang='lat' dir='ltr'><strong>appareret,</strong></span> <span class='ocrx_word' id='word_1_151' title='bbox 642 2594 729 2682; x_wconf 91' lang='lat' dir='ltr'><strong>quid</strong></span> <span class='ocrx_word' id='word_1_152' title='bbox 751 2593 817 2662; x_wconf 84' lang='lat' dir='ltr'><strong>lrac</strong></span> <span class='ocrx_word' id='word_1_153' title='bbox 836 2591 1078 2684; x_wconf 90' lang='lat' dir='ltr'><strong>conjunctione</strong></span> <span class='ocrx_word' id='word_1_154' title='bbox 1099 2603 1216 2662; x_wconf 88' lang='lat' dir='ltr'><strong>natura</strong></span> <span class='ocrx_word' id='word_1_155' title='bbox 1239 2559 1331 2663; x_wconf 75' lang='lat' dir='ltr'><strong>ellici</strong></span> <span class='ocrx_word' id='word_1_156' title='bbox 1354 2595 1508 2664; x_wconf 87' lang='lat' dir='ltr'><strong>voluerit.</strong></span> <span class='ocrx_word' id='word_1_157' title='bbox 1568 2595 1660 2665; x_wconf 84' lang='lat' dir='ltr'><strong>Illud</strong></span> <span class='ocrx_word' id='word_1_158' title='bbox 1681 2618 1763 2665; x_wconf 82' lang='lat' dir='ltr'><strong>vero</strong></span> <span class='ocrx_word' id='word_1_159' title='bbox 1793 2597 1888 2686; x_wconf 91' lang='lat' dir='ltr'><strong>quod</strong></span> 
     </span>
     <span class='ocr_line' id='line_1_17' title="bbox 262 2725 1891 2836; baseline 0.002 -36"><span class='ocrx_word' id='word_1_160' title='bbox 262 2725 533 2828; x_wconf 79' lang='lat' dir='ltr'><strong>Sympatlrr&#39;cum</strong></span> <span class='ocrx_word' id='word_1_161' title='bbox 554 2752 633 2800; x_wconf 89' lang='lat' dir='ltr'><strong>enm</strong></span> <span class='ocrx_word' id='word_1_162' title='bbox 661 2726 699 2799; x_wconf 91' lang='lat' dir='ltr'><em>V</em></span> <span class='ocrx_word' id='word_1_163' title='bbox 698 2749 771 2825; x_wconf 87' lang='lat' dir='ltr'><strong>ago</strong></span> <span class='ocrx_word' id='word_1_164' title='bbox 794 2730 1023 2820; x_wconf 83' lang='lat' dir='ltr'><strong>comparavit,</strong></span> <span class='ocrx_word' id='word_1_165' title='bbox 1056 2739 1089 2798; x_wconf 89' lang='lat' dir='ltr'><strong>et</strong></span> <span class='ocrx_word' id='word_1_166' title='bbox 1112 2730 1180 2800; x_wconf 88' lang='lat' dir='ltr'><strong>hac</strong></span> <span class='ocrx_word' id='word_1_167' title='bbox 1205 2735 1460 2836; x_wconf 78' lang='lat' dir='ltr'><strong>comparatione</strong></span> <span class='ocrx_word' id='word_1_168' title='bbox 1487 2734 1596 2803; x_wconf 86' lang='lat' dir='ltr'><strong>voluit</strong></span> <span class='ocrx_word' id='word_1_169' title='bbox 1623 2733 1766 2822; x_wconf 85' lang='lat' dir='ltr'><strong>docere,</strong></span> <span class='ocrx_word' id='word_1_170' title='bbox 1803 2735 1891 2824; x_wconf 90' lang='lat' dir='ltr'><strong>quid</strong></span> 
     </span>
    </p>
   </div>
   <div class='ocr_carea' id='block_1_6' title="bbox 260 2870 2005 2968">
    <p class='ocr_par' dir='ltr' id='par_1_7' title="bbox 260 2870 2005 2968">
     <span class='ocr_line' id='line_1_18' title="bbox 260 2870 2005 2968; baseline 0 -26"><span class='ocrx_word' id='word_1_171' title='bbox 260 2875 321 2944; x_wconf 88' lang='lat' dir='ltr'><strong>illa</strong></span> <span class='ocrx_word' id='word_1_172' title='bbox 333 2871 545 2945; x_wconf 83' lang='lat' dir='ltr'><strong>Accessorr‘i</strong></span> <span class='ocrx_word' id='word_1_173' title='bbox 557 2895 635 2944; x_wconf 92' lang='lat' dir='ltr'><strong>cum</strong></span> <span class='ocrx_word' id='word_1_174' title='bbox 650 2870 695 2942; x_wconf 87' lang='lat' dir='ltr'><em>V</em></span> <span class='ocrx_word' id='word_1_175' title='bbox 688 2893 761 2968; x_wconf 84' lang='lat' dir='ltr'><strong>ago</strong></span> <span class='ocrx_word' id='word_1_176' title='bbox 777 2871 1018 2964; x_wconf 85' lang='lat' dir='ltr'><strong>conjunctione</strong></span> <span class='ocrx_word' id='word_1_177' title='bbox 1032 2879 1150 2940; x_wconf 90' lang='lat' dir='ltr'><strong>natura</strong></span> <span class='ocrx_word' id='word_1_178' title='bbox 1166 2871 1260 2941; x_wconf 84' lang='lat' dir='ltr'><strong>effici</strong></span> <span class='ocrx_word' id='word_1_179' title='bbox 1277 2872 1442 2958; x_wconf 79' lang='lat' dir='ltr'><strong>soluerit,</strong></span> <span class='ocrx_word' id='word_1_180' title='bbox 1467 2871 1593 2959; x_wconf 88' lang='lat' dir='ltr'><strong>bodie,</strong></span> <span class='ocrx_word' id='word_1_181' title='bbox 1617 2892 1695 2941; x_wconf 90' lang='lat' dir='ltr'><strong>cum</strong></span> <span class='ocrx_word' id='word_1_182' title='bbox 1712 2881 1891 2963; x_wconf 86' lang='lat' dir='ltr'><strong>tantopere</strong></span> <span class='ocrx_word' id='word_1_183' title='bbox 2001 2903 2005 2914; x_wconf 94' lang='lat'>·</span> 
     </span>
    </p>
   </div>
   <div class='ocr_carea' id='block_1_7' title="bbox 261 3008 1892 4764">
    <p class='ocr_par' dir='ltr' id='par_1_8' title="bbox 261 3008 1892 4764">
     <span class='ocr_line' id='line_1_19' title="bbox 261 3008 1889 3107; baseline -0.003 -24"><span class='ocrx_word' id='word_1_184' title='bbox 261 3014 349 3085; x_wconf 89' lang='lat' dir='ltr'><strong>haec</strong></span> <span class='ocrx_word' id='word_1_185' title='bbox 365 3015 546 3107; x_wconf 88' lang='lat' dir='ltr'><strong>disciplina</strong></span> <span class='ocrx_word' id='word_1_186' title='bbox 561 3014 695 3085; x_wconf 86' lang='lat' dir='ltr'><strong>exculta</strong></span> <span class='ocrx_word' id='word_1_187' title='bbox 713 3014 776 3100; x_wconf 90' lang='lat' dir='ltr'><strong>sit,</strong></span> <span class='ocrx_word' id='word_1_188' title='bbox 802 3036 868 3082; x_wconf 92' lang='lat' dir='ltr'><strong>non</strong></span> <span class='ocrx_word' id='word_1_189' title='bbox 885 3033 1064 3105; x_wconf 89' lang='lat' dir='ltr'><strong>possumus</strong></span> <span class='ocrx_word' id='word_1_190' title='bbox 1079 3008 1161 3096; x_wconf 90' lang='lat' dir='ltr'><strong>quin</strong></span> <span class='ocrx_word' id='word_1_191' title='bbox 1178 3010 1331 3099; x_wconf 90' lang='lat' dir='ltr'><strong>ineptum</strong></span> <span class='ocrx_word' id='word_1_192' title='bbox 1349 3009 1511 3079; x_wconf 89' lang='lat' dir='ltr'><strong>dicamus.</strong></span> <span class='ocrx_word' id='word_1_193' title='bbox 1545 3009 1705 3098; x_wconf 74' lang='lat' dir='ltr'><strong>Scurrae,</strong></span> <span class='ocrx_word' id='word_1_194' title='bbox 1730 3010 1889 3080; x_wconf 88' lang='lat' dir='ltr'><strong>conside·</strong></span> 
     </span>
     <span class='ocr_line' id='line_1_20' title="bbox 262 3146 1891 3244; baseline -0.002 -22"><span class='ocrx_word' id='word_1_195' title='bbox 262 3173 338 3222; x_wconf 86' lang='lat' dir='ltr'><strong>rans</strong></span> <span class='ocrx_word' id='word_1_196' title='bbox 359 3154 536 3241; x_wconf 92' lang='lat' dir='ltr'><strong>utriusque</strong></span> <span class='ocrx_word' id='word_1_197' title='bbox 556 3152 653 3222; x_wconf 86' lang='lat' dir='ltr'><strong>nervi</strong></span> <span class='ocrx_word' id='word_1_198' title='bbox 670 3173 895 3244; x_wconf 80' lang='lat' dir='ltr'><strong>permagnam</strong></span> <span class='ocrx_word' id='word_1_199' title='bbox 919 3151 953 3218; x_wconf 92' lang='lat' dir='ltr'><strong>in</strong></span> <span class='ocrx_word' id='word_1_200' title='bbox 970 3146 1165 3242; x_wconf 85' lang='lat' dir='ltr'><strong>vegetatiro</strong></span> <span class='ocrx_word' id='word_1_201' title='bbox 1189 3147 1345 3238; x_wconf 87' lang='lat' dir='ltr'><strong>corporis</strong></span> <span class='ocrx_word' id='word_1_202' title='bbox 1363 3155 1547 3236; x_wconf 78' lang='lat' dir='ltr'><strong>systemate</strong></span> <span class='ocrx_word' id='word_1_203' title='bbox 1566 3149 1778 3239; x_wconf 86' lang='lat' dir='ltr'><strong>provinciam</strong></span> <span class='ocrx_word' id='word_1_204' title='bbox 1802 3169 1891 3236; x_wconf 88' lang='lat' dir='ltr'><strong>esse,</strong></span> 
     </span>
     <span class='ocr_line' id='line_1_21' title="bbox 262 3281 1890 3380; baseline -0.001 -26"><span class='ocrx_word' id='word_1_205' title='bbox 262 3297 443 3377; x_wconf 91' lang='lat' dir='ltr'><strong>utrumque</strong></span> <span class='ocrx_word' id='word_1_206' title='bbox 464 3288 604 3380; x_wconf 87' lang='lat' dir='ltr'><strong>plexum</strong></span> <span class='ocrx_word' id='word_1_207' title='bbox 629 3299 663 3356; x_wconf 92' lang='lat' dir='ltr'><strong>et</strong></span> <span class='ocrx_word' id='word_1_208' title='bbox 681 3289 717 3356; x_wconf 89' lang='lat' dir='ltr'><strong>in</strong></span> <span class='ocrx_word' id='word_1_209' title='bbox 735 3288 908 3357; x_wconf 91' lang='lat' dir='ltr'><strong>nonnullis</strong></span> <span class='ocrx_word' id='word_1_210' title='bbox 925 3287 1080 3376; x_wconf 92' lang='lat' dir='ltr'><strong>corporis</strong></span> <span class='ocrx_word' id='word_1_211' title='bbox 1100 3281 1255 3371; x_wconf 86' lang='lat' dir='ltr'><strong>partibus</strong></span> <span class='ocrx_word' id='word_1_212' title='bbox 1277 3283 1548 3354; x_wconf 91' lang='lat' dir='ltr'><strong>communionem</strong></span> <span class='ocrx_word' id='word_1_213' title='bbox 1570 3285 1714 3356; x_wconf 87' lang='lat' dir='ltr'><strong>actionis</strong></span> <span class='ocrx_word' id='word_1_214' title='bbox 1741 3285 1890 3372; x_wconf 87' lang='lat' dir='ltr'><strong>babere,</strong></span> 
     </span>
     <span class='ocr_line' id='line_1_22' title="bbox 261 3421 1891 3517; baseline 0.001 -23"><span class='ocrx_word' id='word_1_215' title='bbox 261 3424 350 3494; x_wconf 90' lang='lat' dir='ltr'><strong>ultra</strong></span> <span class='ocrx_word' id='word_1_216' title='bbox 369 3446 468 3493; x_wconf 85' lang='lat' dir='ltr'><strong>veros</strong></span> <span class='ocrx_word' id='word_1_217' title='bbox 485 3422 591 3517; x_wconf 85' lang='lat' dir='ltr'><strong>hujus</strong></span> <span class='ocrx_word' id='word_1_218' title='bbox 609 3421 844 3494; x_wconf 84' lang='lat' dir='ltr'><strong>similitudinis</strong></span> <span class='ocrx_word' id='word_1_219' title='bbox 862 3423 947 3490; x_wconf 85' lang='lat' dir='ltr'><strong>lines</strong></span> <span class='ocrx_word' id='word_1_220' title='bbox 973 3443 1178 3514; x_wconf 87' lang='lat' dir='ltr'><strong>progressus</strong></span> <span class='ocrx_word' id='word_1_221' title='bbox 1207 3431 1267 3492; x_wconf 91' lang='lat' dir='ltr'><strong>est.</strong></span> <span class='ocrx_word' id='word_1_222' title='bbox 1326 3424 1378 3492; x_wconf 87' lang='lat' dir='ltr'><strong>lta</strong></span> <span class='ocrx_word' id='word_1_223' title='bbox 1404 3427 1536 3513; x_wconf 85' lang='lat' dir='ltr'><strong>evenit,</strong></span> <span class='ocrx_word' id='word_1_224' title='bbox 1569 3434 1607 3495; x_wconf 90' lang='lat' dir='ltr'><strong>ut</strong></span> <span class='ocrx_word' id='word_1_225' title='bbox 1635 3428 1670 3496; x_wconf 94' lang='lat' dir='ltr'><strong>in</strong></span> <span class='ocrx_word' id='word_1_226' title='bbox 1695 3426 1891 3496; x_wconf 88' lang='lat' dir='ltr'><strong>delinienda</strong></span> 
     </span>
     <span class='ocr_line' id='line_1_23' title="bbox 261 3561 1890 3660; baseline 0.001 -27"><span class='ocrx_word' id='word_1_227' title='bbox 261 3565 437 3655; x_wconf 89' lang='lat' dir='ltr'><strong>utriusque</strong></span> <span class='ocrx_word' id='word_1_228' title='bbox 458 3563 554 3634; x_wconf 86' lang='lat' dir='ltr'><strong>nervi</strong></span> <span class='ocrx_word' id='word_1_229' title='bbox 574 3573 691 3632; x_wconf 89' lang='lat' dir='ltr'><strong>natura</strong></span> <span class='ocrx_word' id='word_1_230' title='bbox 712 3561 862 3648; x_wconf 87' lang='lat' dir='ltr'><strong>e&#39;rrarct,</strong></span> <span class='ocrx_word' id='word_1_231' title='bbox 887 3583 976 3651; x_wconf 91' lang='lat' dir='ltr'><strong>quae</strong></span> <span class='ocrx_word' id='word_1_232' title='bbox 994 3561 1071 3629; x_wconf 89' lang='lat' dir='ltr'><strong>talis</strong></span> <span class='ocrx_word' id='word_1_233' title='bbox 1091 3569 1159 3649; x_wconf 92' lang='lat' dir='ltr'><strong>est,</strong></span> <span class='ocrx_word' id='word_1_234' title='bbox 1185 3568 1223 3629; x_wconf 91' lang='lat' dir='ltr'><strong>ut</strong></span> <span class='ocrx_word' id='word_1_235' title='bbox 1242 3563 1464 3653; x_wconf 89' lang='lat' dir='ltr'><strong>perspicuum</strong></span> <span class='ocrx_word' id='word_1_236' title='bbox 1487 3564 1550 3650; x_wconf 90' lang='lat' dir='ltr'><strong>sit,</strong></span> <span class='ocrx_word' id='word_1_237' title='bbox 1581 3561 1728 3660; x_wconf 79' lang='lat' dir='ltr'><strong>Vagam</strong></span> <span class='ocrx_word' id='word_1_238' title='bbox 1749 3589 1890 3636; x_wconf 84' lang='lat' dir='ltr'><strong>nervum</strong></span> 
     </span>
     <span class='ocr_line' id='line_1_24' title="bbox 262 3697 1891 3798; baseline -0.002 -25"><span class='ocrx_word' id='word_1_239' title='bbox 262 3725 335 3773; x_wconf 89' lang='lat' dir='ltr'><strong>esse</strong></span> <span class='ocrx_word' id='word_1_240' title='bbox 352 3704 582 3790; x_wconf 89' lang='lat' dir='ltr'><strong>cerebralem,</strong></span> <span class='ocrx_word' id='word_1_241' title='bbox 615 3697 905 3798; x_wconf 76' lang='lat' dir='ltr'><strong>Sympatlricum,</strong></span> <span class='ocrx_word' id='word_1_242' title='bbox 924 3701 1002 3772; x_wconf 87' lang='lat' dir='ltr'><strong>&#39;etsi</strong></span> <span class='ocrx_word' id='word_1_243' title='bbox 1032 3721 1110 3770; x_wconf 93' lang='lat' dir='ltr'><strong>cum</strong></span> <span class='ocrx_word' id='word_1_244' title='bbox 1133 3700 1252 3787; x_wconf 88' lang='lat' dir='ltr'><strong>quinto</strong></span> <span class='ocrx_word' id='word_1_245' title='bbox 1278 3710 1313 3768; x_wconf 91' lang='lat' dir='ltr'><strong>et</strong></span> <span class='ocrx_word' id='word_1_246' title='bbox 1333 3709 1430 3770; x_wconf 82' lang='lat' dir='ltr'><strong>sexto</strong></span> <span class='ocrx_word' id='word_1_247' title='bbox 1457 3702 1683 3771; x_wconf 90' lang='lat' dir='ltr'><strong>cerebralium</strong></span> <span class='ocrx_word' id='word_1_248' title='bbox 1710 3705 1891 3773; x_wconf 75' lang='lat' dir='ltr'><strong>nervorum</strong></span> 
     </span>
     <span class='ocr_line' id='line_1_25' title="bbox 261 3837 1890 3934; baseline 0.004 -26"><span class='ocrx_word' id='word_1_249' title='bbox 261 3841 337 3931; x_wconf 91' lang='lat' dir='ltr'><strong>pari</strong></span> <span class='ocrx_word' id='word_1_250' title='bbox 357 3842 402 3909; x_wconf 90' lang='lat' dir='ltr'><strong>sit</strong></span> <span class='ocrx_word' id='word_1_251' title='bbox 425 3842 650 3934; x_wconf 86' lang='lat' dir='ltr'><strong>conjunctus,</strong></span> <span class='ocrx_word' id='word_1_252' title='bbox 682 3861 748 3909; x_wconf 92' lang='lat' dir='ltr'><strong>non</strong></span> <span class='ocrx_word' id='word_1_253' title='bbox 771 3861 863 3924; x_wconf 88' lang='lat' dir='ltr'><strong>csse,</strong></span> <span class='ocrx_word' id='word_1_254' title='bbox 893 3838 957 3907; x_wconf 90' lang='lat' dir='ltr'><strong>sed</strong></span> <span class='ocrx_word' id='word_1_255' title='bbox 976 3862 1095 3930; x_wconf 87' lang='lat' dir='ltr'><strong>reapse</strong></span> <span class='ocrx_word' id='word_1_256' title='bbox 1115 3849 1269 3908; x_wconf 91' lang='lat' dir='ltr'><strong>naturam</strong></span> <span class='ocrx_word' id='word_1_257' title='bbox 1293 3837 1426 3910; x_wconf 80' lang='lat' dir='ltr'><strong>babere</strong></span> <span class='ocrx_word' id='word_1_258' title='bbox 1448 3844 1552 3933; x_wconf 88' lang='lat' dir='ltr'><strong>longe</strong></span> <span class='ocrx_word' id='word_1_259' title='bbox 1575 3843 1752 3912; x_wconf 85' lang='lat' dir='ltr'><strong>diversam.</strong></span> <span class='ocrx_word' id='word_1_260' title='bbox 1812 3845 1890 3914; x_wconf 91' lang='lat' dir='ltr'><strong>Non</strong></span> 
     </span>
     <span class='ocr_line' id='line_1_26' title="bbox 262 3970 1890 4070; baseline 0.002 -22"><span class='ocrx_word' id='word_1_261' title='bbox 262 3987 313 4048; x_wconf 88' lang='lat' dir='ltr'><strong>est</strong></span> <span class='ocrx_word' id='word_1_262' title='bbox 330 3977 435 4070; x_wconf 85' lang='lat' dir='ltr'><strong>hujus</strong></span> <span class='ocrx_word' id='word_1_263' title='bbox 454 3978 523 4046; x_wconf 92' lang='lat' dir='ltr'><strong>loci</strong></span> <span class='ocrx_word' id='word_1_264' title='bbox 541 3976 732 4049; x_wconf 87' lang='lat' dir='ltr'><strong>accuratius</strong></span> <span class='ocrx_word' id='word_1_265' title='bbox 751 3984 786 4045; x_wconf 88' lang='lat' dir='ltr'><strong>et</strong></span> <span class='ocrx_word' id='word_1_266' title='bbox 804 3975 978 4067; x_wconf 88' lang='lat' dir='ltr'><strong>copiosius</strong></span> <span class='ocrx_word' id='word_1_267' title='bbox 999 3970 1225 4070; x_wconf 77' lang='lat' dir='ltr'><strong>Sympathr&#39;cr&#39;</strong></span> <span class='ocrx_word' id='word_1_268' title='bbox 1247 3987 1399 4045; x_wconf 90' lang='lat' dir='ltr'><strong>naturam</strong></span> <span class='ocrx_word' id='word_1_269' title='bbox 1422 3978 1618 4062; x_wconf 86' lang='lat' dir='ltr'><strong>enucleara;</strong></span> <span class='ocrx_word' id='word_1_270' title='bbox 1643 3981 1724 4050; x_wconf 88' lang='lat' dir='ltr'><strong>satis</strong></span> <span class='ocrx_word' id='word_1_271' title='bbox 1745 3991 1795 4050; x_wconf 88' lang='lat' dir='ltr'><strong>cst</strong></span> <span class='ocrx_word' id='word_1_272' title='bbox 1815 4004 1890 4051; x_wconf 90' lang='lat' dir='ltr'><strong>mo-</strong></span> 
     </span>
     <span class='ocr_line' id='line_1_27' title="bbox 262 4114 1889 4204; baseline 0.002 -18"><span class='ocrx_word' id='word_1_273' title='bbox 262 4117 376 4188; x_wconf 91' lang='lat' dir='ltr'><strong>nuisse</strong></span> <span class='ocrx_word' id='word_1_274' title='bbox 401 4139 442 4184; x_wconf 85' lang='lat' dir='ltr'><strong>ex</strong></span> <span class='ocrx_word' id='word_1_275' title='bbox 463 4117 601 4204; x_wconf 75' lang='lat' dir='ltr'><strong>lirun,</strong></span> <span class='ocrx_word' id='word_1_276' title='bbox 625 4116 791 4185; x_wconf 78' lang='lat' dir='ltr'><strong>Brcrraru</strong></span> <span class='ocrx_word' id='word_1_277' title='bbox 818 4115 1032 4203; x_wconf 86' lang='lat' dir='ltr'><strong>aliorumque</strong></span> <span class='ocrx_word' id='word_1_278' title='bbox 1052 4114 1280 4182; x_wconf 87' lang='lat' dir='ltr'><strong>recentiorum</strong></span> <span class='ocrx_word' id='word_1_279' title='bbox 1303 4124 1337 4183; x_wconf 90' lang='lat' dir='ltr'><strong>et</strong></span> <span class='ocrx_word' id='word_1_280' title='bbox 1353 4115 1665 4186; x_wconf 75' lang='lat' dir='ltr'><strong>nocentissimorum</strong></span> <span class='ocrx_word' id='word_1_281' title='bbox 1686 4121 1889 4190; x_wconf 90' lang='lat' dir='ltr'><strong>anatomico-</strong></span> 
     </span>
     <span class='ocr_line' id='line_1_28' title="bbox 261 4254 1890 4350; baseline 0.002 -24"><span class='ocrx_word' id='word_1_282' title='bbox 261 4279 336 4328; x_wconf 89' lang='lat' dir='ltr'><strong>rum</strong></span> <span class='ocrx_word' id='word_1_283' title='bbox 366 4254 644 4350; x_wconf 82' lang='lat' dir='ltr'><strong>indagationibus</strong></span> <span class='ocrx_word' id='word_1_284' title='bbox 676 4256 890 4347; x_wconf 87' lang='lat' dir='ltr'><strong>exploratum</strong></span> <span class='ocrx_word' id='word_1_285' title='bbox 921 4275 1014 4342; x_wconf 91' lang='lat' dir='ltr'><strong>esse,</strong></span> <span class='ocrx_word' id='word_1_286' title='bbox 1059 4255 1153 4321; x_wconf 91' lang='lat' dir='ltr'><strong>illam</strong></span> <span class='ocrx_word' id='word_1_287' title='bbox 1179 4263 1313 4345; x_wconf 88' lang='lat' dir='ltr'><strong>partam</strong></span> <span class='ocrx_word' id='word_1_288' title='bbox 1343 4255 1535 4346; x_wconf 77' lang='lat' dir='ltr'><strong>systematis</strong></span> <span class='ocrx_word' id='word_1_289' title='bbox 1563 4279 1764 4344; x_wconf 85' lang='lat' dir='ltr'><strong>nervorum,</strong></span> <span class='ocrx_word' id='word_1_290' title='bbox 1803 4282 1890 4348; x_wconf 87' lang='lat' dir='ltr'><strong>quae</strong></span> 
     </span>
     <span class='ocr_line' id='line_1_29' title="bbox 261 4361 1890 4494; baseline -0.002 -26"><span class='ocrx_word' id='word_1_291' title='bbox 261 4401 397 4468; x_wconf 88' lang='lat' dir='ltr'><strong>nomine</strong></span> <span class='ocrx_word' id='word_1_292' title='bbox 419 4393 646 4494; x_wconf 77' lang='lat' dir='ltr'><strong>Symputbr&#39;cr&#39;</strong></span> <span class='ocrx_word' id='word_1_293' title='bbox 668 4396 888 4488; x_wconf 82' lang='lat' dir='ltr'><strong>designetur,</strong></span> <span class='ocrx_word' id='word_1_294' title='bbox 926 4415 1107 4465; x_wconf 84' lang='lat' dir='ltr'><strong>nervorum</strong></span> <span class='ocrx_word' id='word_1_295' title='bbox 1137 4400 1285 4482; x_wconf 81' lang='lat' dir='ltr'><strong>systema</strong></span> <span class='ocrx_word' id='word_1_296' title='bbox 1317 4413 1390 4460; x_wconf 85' lang='lat' dir='ltr'><strong>esse</strong></span> <span class='ocrx_word' id='word_1_297' title='bbox 1421 4393 1596 4482; x_wconf 89' lang='lat' dir='ltr'><strong>peculiare</strong></span> <span class='ocrx_word' id='word_1_298' title='bbox 1623 4361 1667 4463; x_wconf 43' lang='lat' dir='ltr'><strong>&#39;ac</strong></span> <span class='ocrx_word' id='word_1_299' title='bbox 1691 4397 1890 4487; x_wconf 91' lang='lat' dir='ltr'><strong>proprium,</strong></span> 
     </span>
     <span class='ocr_line' id='line_1_30' title="bbox 264 4498 1892 4624; baseline -0.001 -22"><span class='ocrx_word' id='word_1_300' title='bbox 264 4498 327 4604; x_wconf 81' lang='lat' dir='ltr'><strong>nec</strong></span> <span class='ocrx_word' id='word_1_301' title='bbox 353 4538 497 4606; x_wconf 89' lang='lat' dir='ltr'><strong>cerebro</strong></span> <span class='ocrx_word' id='word_1_302' title='bbox 526 4545 583 4603; x_wconf 89' lang='lat' dir='ltr'><strong>aut</strong></span> <span class='ocrx_word' id='word_1_303' title='bbox 606 4532 779 4604; x_wconf 89' lang='lat' dir='ltr'><strong>medullae</strong></span> <span class='ocrx_word' id='word_1_304' title='bbox 808 4533 932 4624; x_wconf 84' lang='lat' dir='ltr'><strong>spinuli</strong></span> <span class='ocrx_word' id='word_1_305' title='bbox 963 4529 1241 4614; x_wconf 89' lang='lat' dir='ltr'><strong>subordinatum,</strong></span> <span class='ocrx_word' id='word_1_306' title='bbox 1277 4527 1339 4598; x_wconf 87' lang='lat' dir='ltr'><strong>sed</strong></span> <span class='ocrx_word' id='word_1_307' title='bbox 1368 4529 1618 4598; x_wconf 89' lang='lat' dir='ltr'><strong>coordinatum.</strong></span> <span class='ocrx_word' id='word_1_308' title='bbox 1679 4531 1733 4600; x_wconf 86' lang='lat' dir='ltr'><strong>De</strong></span> <span class='ocrx_word' id='word_1_309' title='bbox 1758 4553 1825 4621; x_wconf 91' lang='lat' dir='ltr'><strong>qua</strong></span> <span class='ocrx_word' id='word_1_310' title='bbox 1853 4556 1892 4602; x_wconf 88' lang='lat' dir='ltr'><strong>re</strong></span> 
     </span>
     <span class='ocr_line' id='line_1_31' title="bbox 263 4643 1890 4764; baseline 0.001 -26"><span class='ocrx_word' id='word_1_311' title='bbox 263 4672 391 4741; x_wconf 83' lang='lat' dir='ltr'><strong>videsis</strong></span> <span class='ocrx_word' id='word_1_312' title='bbox 412 4697 469 4760; x_wconf 89' lang='lat' dir='ltr'><strong>ea,</strong></span> <span class='ocrx_word' id='word_1_313' title='bbox 504 4697 591 4764; x_wconf 90' lang='lat' dir='ltr'><strong>quae</strong></span> <span class='ocrx_word' id='word_1_314' title='bbox 620 4673 818 4759; x_wconf 70' lang='lat' dir='ltr'><strong>Aaronom,</strong></span> <span class='ocrx_word' id='word_1_315' title='bbox 844 4669 909 4739; x_wconf 82' lang='lat' dir='ltr'><strong>Vir</strong></span> <span class='ocrx_word' id='word_1_316' title='bbox 936 4670 1172 4753; x_wconf 83' lang='lat' dir='ltr'><strong>doctissimus,</strong></span> <span class='ocrx_word' id='word_1_317' title='bbox 1199 4665 1292 4735; x_wconf 90' lang='lat' dir='ltr'><strong>libro</strong></span> <span class='ocrx_word' id='word_1_318' title='bbox 1311 4665 1333 4736; x_wconf 86' lang='lat' dir='ltr'><strong>l.</strong></span> <span class='ocrx_word' id='word_1_319' title='bbox 1354 4687 1390 4757; x_wconf 85' lang='lat' dir='ltr'><strong>p.</strong></span> <span class='ocrx_word' id='word_1_320' title='bbox 1407 4667 1464 4734; x_wconf 89' lang='lat' dir='ltr'><strong>ll.</strong></span> <span class='ocrx_word' id='word_1_321' title='bbox 1486 4666 1639 4738; x_wconf 78' lang='lat' dir='ltr'><strong>brevitor</strong></span> <span class='ocrx_word' id='word_1_322' title='bbox 1654 4669 1715 4737; x_wconf 91' lang='lat' dir='ltr'><strong>sed</strong></span> <span class='ocrx_word' id='word_1_323' title='bbox 1736 4643 1890 4740; x_wconf 88' lang='lat' dir='ltr'><strong>dilucide</strong></span> 
     </span>
    </p>
   </div>
   <div class='ocr_carea' id='block_1_8' title="bbox 263 4802 1890 4905">
    <p class='ocr_par' dir='ltr' id='par_1_9' title="bbox 263 4802 1890 4905">
     <span class='ocr_line' id='line_1_32' title="bbox 263 4802 1890 4905; baseline -0.003 -25"><span class='ocrx_word' id='word_1_324' title='bbox 263 4811 428 4902; x_wconf 83' lang='lat' dir='ltr'><strong>exposuit</strong></span> <span class='ocrx_word' id='word_1_325' title='bbox 453 4849 498 4866; x_wconf 91' lang='lat'><em>-</em></span> <span class='ocrx_word' id='word_1_326' title='bbox 536 4812 574 4882; x_wconf 86' lang='lat' dir='ltr'><strong>Si</strong></span> <span class='ocrx_word' id='word_1_327' title='bbox 593 4813 700 4905; x_wconf 82' lang='lat' dir='ltr'><strong>igitur</strong></span> <span class='ocrx_word' id='word_1_328' title='bbox 723 4809 866 4880; x_wconf 88' lang='lat' dir='ltr'><strong>concedi</strong></span> <span class='ocrx_word' id='word_1_329' title='bbox 890 4809 1025 4899; x_wconf 88' lang='lat' dir='ltr'><strong>nequit,</strong></span> <span class='ocrx_word' id='word_1_330' title='bbox 1052 4802 1323 4902; x_wconf 76' lang='lat' dir='ltr'><strong>Sympatlricum</strong></span> <span class='ocrx_word' id='word_1_331' title='bbox 1341 4805 1616 4897; x_wconf 85' lang='lat' dir='ltr'><strong>conjunctionem</strong></span> <span class='ocrx_word' id='word_1_332' title='bbox 1639 4829 1712 4876; x_wconf 87' lang='lat' dir='ltr'><strong>esse</strong></span> <span class='ocrx_word' id='word_1_333' title='bbox 1729 4807 1890 4876; x_wconf 89' lang='lat' dir='ltr'><strong>cerebra·</strong></span> 
     </span>
    </p>
   </div>
   <div class='ocr_carea' id='block_1_9' title="bbox 262 4941 1890 5320">
    <p class='ocr_par' dir='ltr' id='par_1_10' title="bbox 262 4941 1890 5320">
     <span class='ocr_line' id='line_1_33' title="bbox 262 4941 1889 5043; baseline -0.004 -23"><span class='ocrx_word' id='word_1_334' title='bbox 262 4952 345 5020; x_wconf 91' lang='lat' dir='ltr'><strong>lium</strong></span> <span class='ocrx_word' id='word_1_335' title='bbox 363 4959 397 5018; x_wconf 90' lang='lat' dir='ltr'><strong>et</strong></span> <span class='ocrx_word' id='word_1_336' title='bbox 412 4951 594 5040; x_wconf 86' lang='lat' dir='ltr'><strong>spinolium</strong></span> <span class='ocrx_word' id='word_1_337' title='bbox 611 4973 809 5038; x_wconf 84' lang='lat' dir='ltr'><strong>nervorum,</strong></span> <span class='ocrx_word' id='word_1_338' title='bbox 835 4952 987 5043; x_wconf 89' lang='lat' dir='ltr'><strong>ineptum</strong></span> <span class='ocrx_word' id='word_1_339' title='bbox 1007 4951 1108 5020; x_wconf 87' lang='lat' dir='ltr'><strong>etiam</strong></span> <span class='ocrx_word' id='word_1_340' title='bbox 1123 4952 1175 5013; x_wconf 86' lang='lat' dir='ltr'><strong>est</strong></span> <span class='ocrx_word' id='word_1_341' title='bbox 1190 4965 1269 5013; x_wconf 91' lang='lat' dir='ltr'><strong>eum</strong></span> <span class='ocrx_word' id='word_1_342' title='bbox 1281 4963 1482 5035; x_wconf 89' lang='lat' dir='ltr'><strong>comparare</strong></span> <span class='ocrx_word' id='word_1_343' title='bbox 1501 4964 1579 5014; x_wconf 87' lang='lat' dir='ltr'><strong>cunr</strong></span> <span class='ocrx_word' id='word_1_344' title='bbox 1599 4941 1643 5012; x_wconf 92' lang='lat' dir='ltr'><em>V</em></span> <span class='ocrx_word' id='word_1_345' title='bbox 1635 4964 1728 5038; x_wconf 85' lang='lat' dir='ltr'><strong>ugo,</strong></span> <span class='ocrx_word' id='word_1_346' title='bbox 1754 4945 1814 5034; x_wconf 94' lang='lat' dir='ltr'><strong>qui</strong></span> <span class='ocrx_word' id='word_1_347' title='bbox 1829 4967 1889 5016; x_wconf 91' lang='lat' dir='ltr'><strong>sna</strong></span> 
     </span>
     <span class='ocr_line' id='line_1_34' title="bbox 263 5083 1890 5178; baseline -0.002 -20"><span class='ocrx_word' id='word_1_348' title='bbox 263 5109 340 5158; x_wconf 90' lang='lat' dir='ltr'><strong>curn</strong></span> <span class='ocrx_word' id='word_1_349' title='bbox 365 5083 583 5157; x_wconf 82' lang='lat' dir='ltr'><strong>Accessorio</strong></span> <span class='ocrx_word' id='word_1_350' title='bbox 609 5089 809 5158; x_wconf 89' lang='lat' dir='ltr'><strong>anastomosi</strong></span> <span class='ocrx_word' id='word_1_351' title='bbox 834 5089 937 5157; x_wconf 87' lang='lat' dir='ltr'><strong>talem</strong></span> <span class='ocrx_word' id='word_1_352' title='bbox 964 5085 1238 5178; x_wconf 87' lang='lat' dir='ltr'><strong>conjunctionem</strong></span> <span class='ocrx_word' id='word_1_353' title='bbox 1266 5105 1387 5175; x_wconf 88' lang='lat' dir='ltr'><strong>reapse</strong></span> <span class='ocrx_word' id='word_1_354' title='bbox 1414 5091 1655 5174; x_wconf 86' lang='lat' dir='ltr'><strong>repraesentat.</strong></span> <span class='ocrx_word' id='word_1_355' title='bbox 1712 5083 1755 5153; x_wconf 91' lang='lat' dir='ltr'><strong>Id</strong></span> <span class='ocrx_word' id='word_1_356' title='bbox 1776 5085 1890 5176; x_wconf 90' lang='lat' dir='ltr'><strong>ipsum</strong></span> 
     </span>
     <span class='ocr_line' id='line_1_35' title="bbox 263 5221 1890 5320; baseline -0.001 -26"><span class='ocrx_word' id='word_1_357' title='bbox 263 5225 390 5320; x_wconf 80' lang='lat' dir='ltr'><strong>igitur,</strong></span> <span class='ocrx_word' id='word_1_358' title='bbox 430 5224 524 5316; x_wconf 90' lang='lat' dir='ltr'><strong>qood</strong></span> <span class='ocrx_word' id='word_1_359' title='bbox 554 5224 615 5294; x_wconf 88' lang='lat' dir='ltr'><strong>tali</strong></span> <span class='ocrx_word' id='word_1_360' title='bbox 646 5227 847 5296; x_wconf 87' lang='lat' dir='ltr'><strong>anastomosi</strong></span> <span class='ocrx_word' id='word_1_361' title='bbox 891 5224 1078 5311; x_wconf 82' lang='lat' dir='ltr'><strong>alliciatur,</strong></span> <span class='ocrx_word' id='word_1_362' title='bbox 1123 5223 1285 5312; x_wconf 89' lang='lat' dir='ltr'><strong>quodque</strong></span> <span class='ocrx_word' id='word_1_363' title='bbox 1315 5221 1456 5292; x_wconf 66' lang='lat' dir='ltr'><strong>&amp;auru</strong></span> <span class='ocrx_word' id='word_1_364' title='bbox 1486 5221 1712 5295; x_wconf 86' lang='lat' dir='ltr'><strong>similitudine</strong></span> <span class='ocrx_word' id='word_1_365' title='bbox 1741 5224 1890 5314; x_wconf 88' lang='lat' dir='ltr'><strong>quadarn</strong></span> 
     </span>
    </p>
   </div>
   <div class='ocr_carea' id='block_1_10' title="bbox 0 0 2345 6164">
    <p class='ocr_par' dir='ltr' id='par_1_11' title="bbox 0 0 2345 6164">
     <span class='ocr_line' id='line_1_36' title="bbox 0 0 2345 6164; baseline 0 0"><span class='ocrx_word' id='word_1_366' title='bbox 0 0 2345 6164; x_wconf 95' lang='lat' dir='ltr'><strong> </strong></span> 
     </span>
    </p>
   </div>
  </div>
 </body>
</html>
