4672 6172
426 1157 753 1366 unusne
809 1155 1065 1292 unua
1120 1155 1741 1292 auennensem

643 1657 1573 1790 cnrunrnrnun„

388 1835 623 1923 Anatomr'a
659 1837 796 1924 Nervi
820 1838 1091 1936 Accessorii,
1131 1841 1208 1955 qui
1231 1855 1293 1921 est
1321 1838 1365 1920 in
1392 1864 1567 1950 corpore
1593 1835 1787 1922 humano.
1867 1895 1875 1912 .

1037 2079 1073 2181 q.
1123 2081 1156 2153 1.

278 2175 403 2337 Cum
423 2269 535 2330 nostra
555 2263 718 2331 memoria
744 2264 778 2332 iu
796 2262 1110 2356 praeparandorum
1129 2285 1314 2333 nervorum
1338 2265 1505 2334 rationem
1526 2285 1657 2334 summa
1678 2264 1722 2332 sit
1741 2261 1901 2334 adhibita

275 2397 475 2491 diligentia,
501 2409 535 2468 et
550 2409 620 2487 tot,
642 2403 756 2490 quiin
776 2402 943 2471 anatomia
964 2365 1105 2498 egregie
1122 2400 1340 2470 elaborarunt
1355 2401 1534 2472 doctorum
1550 2403 1720 2488 virorum,
1746 2422 1901 2493 praeser-

273 2537 336 2604 tim
344 2535 527 2624 Scnuran,
543 2537 619 2605 Viri
633 2525 870 2628 illustrissimi,
884 2562 1006 2631 opera,
1020 2542 1168 2616 rationes
1184 2547 1394 2618 anatomicae
1410 2547 1507 2616 nervi
1516 2543 1728 2618 Accessorii
1742 2554 1903 2614 accurate

275 2675 481 2763 illustratae,
507 2676 697 2768 explicatae
721 2678 910 2776 figurisque
931 2677 1126 2772 descriptae
1147 2685 1231 2773 sint,
1266 2708 1334 2755 non
1351 2684 1515 2788 deerunt,
1541 2684 1666 2774 quibus
1683 2683 1855 2776 originem
1867 2691 1902 2752 et

274 2817 457 2904 decursum
477 2817 583 2912 hujus
606 2821 702 2890 uerri
734 2821 779 2890 ab
803 2823 939 2916 integro
968 2823 1157 2894 anatomice
1181 2823 1379 2894 describere
1413 2843 1701 2915 supervacaneum
1735 2821 1903 2890 videatur.

273 2959 320 3026 At
336 2959 462 3051 partim
480 2969 639 3030 accurata
656 2959 763 3054 hujus
783 2963 991 3050 quaestionis
1006 2963 1175 3058 expositio
1190 2962 1361 3056 postulat,
1392 2970 1430 3030 nt
1455 2961 1510 3031 rel
1531 2983 1589 3050 ea,
1611 2982 1700 3050 quae
1721 2961 1803 3031 satis
1824 2967 1902 3029 nota
1956 3008 1964 3024 .

273 3105 351 3164 sunt
374 3107 546 3190 repetam,
569 3099 694 3190 partim
709 3085 838 3170 restant
856 3099 1043 3190 quaedam,
1068 3101 1101 3169 in
1122 3122 1210 3189 qnae
1230 3101 1359 3169 animos
1380 3098 1559 3167 advertere
1581 3106 1616 3168 et
1630 3097 1759 3189 possim
1781 3103 1817 3165 et
1837 3095 1902 3165 de-

273 3233 393 3324 beam,
417 3259 506 3327 quae
532 3240 595 3307 etsi
610 3239 749 3308 maximi
773 3239 820 3308 ad
834 3239 1092 3334 physiologiam
1114 3228 1234 3308 Nervi
1243 3234 1456 3309 Accessorii
1478 3234 1641 3304 momenti
1660 3243 1758 3321 sunt,
1789 3243 1903 3304 tamen

273 3371 452 3463 bucusque
474 3373 625 3443 nondum
645 3377 727 3446 satis
744 3377 1005 3470 circumscripte
1028 3387 1064 3448 et
1082 3376 1296 3448 considerate
1316 3383 1394 3446 suut
1419 3375 1607 3445 observato.
1664 3374 1803 3444 Deinde
1819 3396 1903 3446 vero
1990 3428 1994 3437 .
2031 3392 2038 3403 ·

274 3509 447 3614 descripta
467 3507 571 3603 hujus
592 3509 689 3581 nervi
708 3519 827 3580 natura
849 3512 883 3580 iu
906 3535 1053 3606 corpure
1071 3514 1241 3601 bumauo,
1264 3515 1298 3582 iu
1318 3537 1387 3603 quo
1407 3523 1549 3613 cunctae
1573 3513 1649 3606 ejus
1668 3515 1817 3585 rationes
1837 3536 1903 3606 po·

272 3648 438 3716 tissimum
457 3659 643 3740 apparent,
673 3649 809 3719 facilius
827 3650 904 3720 lieri
923 3651 1069 3742 poterit,
1103 3661 1141 3721 ut
1156 3675 1297 3722 nervum
1315 3651 1589 3738 Accessorium‚
1613 3653 1674 3743 qui
1696 3661 1747 3723 est
1768 3645 1849 3724 curn
1867 3651 1902 3720 ln
2032 3695 2042 3721 .

273 3792 396 3858 ceteris
413 3792 635 3878 animalibus,
660 3801 733 3860 tum
747 3793 948 3884 praesertim
968 3794 1002 3862 in
1023 3793 1086 3881 iis,
1111 3795 1289 3884 inquibus
1307 3814 1385 3863 eum
1403 3813 1477 3862 esse
1493 3793 1631 3885 penitus
1648 3792 1828 3880 hucusque
1844 3814 1903 3863 uo·

272 3937 417 4022 garant,
448 3927 601 3999 breviter
628 3929 831 4000 describam.
895 3931 1098 4002 Summotim
1123 3956 1164 4005 ac
1188 3933 1334 4003 strictim
1362 3932 1465 4002 etiam
1490 3931 1600 4000 varias
1628 3927 1903 4000 commemorabo

273 4070 424 4137 virorum
444 4067 622 4172 doctorum
643 4071 689 4141 de
709 4071 778 4164 lroc
800 4094 904 4142 nervo
925 4073 1103 4166 upinioues
1123 4093 1309 4160 eorumque
1322 4069 1478 4163 judicia,
1509 4069 1601 4140 uude
1623 4091 1712 4160 quae
1729 4068 1838 4140 bodie
1857 4070 1904 4139 de

275 4229 316 4277 eo
332 4216 409 4275 sunt
426 4206 567 4300 cognita
583 4207 807 4280 hauriuntur:
833 4209 953 4301 inquo
970 4232 1099 4304 genere
1119 4233 1195 4280 meo
1208 4207 1292 4301 jure
1310 4206 1453 4278 laudare
1472 4207 1558 4277 mihi
1578 4207 1698 4276 videor
1719 4209 1902 4277 accuratis·

273 4347 392 4415 simam
408 4345 595 4415 Lousrsurr
617 4345 644 4438 ¹)
667 4346 957 4437 dissertationem,
982 4352 1042 4440 qui
1063 4348 1213 4420 omnium
1236 4346 1499 4441 diligentissime
1518 4345 1607 4414 banc
1623 4367 1696 4416 rem
1711 4355 1903 4438 pertracta-

272 4487 331 4554 vit
380 4485 422 4555 ln
441 4485 661 4556 recensendis
683 4495 795 4556 tamen
814 4489 964 4559 virorum
984 4489 1163 4590 doctorum
1181 4486 1355 4557 sententiis
1377 4495 1411 4556 et
1426 4485 1643 4576 opinionibus
1661 4485 1722 4553 ille
1738 4485 1903 4577 temporis
2013 4493 2015 4496 ’

273 4623 505 4692 tautummodo
524 4625 688 4693 rationem
709 4644 788 4692 cum
806 4632 938 4711 teneat,
963 4623 1001 4692 id
1019 4625 1115 4714 qnod
1130 4647 1194 4717 per
1210 4646 1248 4694 se
1270 4623 1480 4717 reprehendi
1498 4645 1566 4692 non
1582 4630 1713 4715 potest,
1736 4623 1783 4712 ad
1801 4647 1840 4694 ea
1865 4625 1902 4692 in

273 4759 399 4848 quibus
413 4783 543 4830 summa
555 4762 661 4856 hujus
677 4761 927 4853 disquisitionis
941 4774 1113 4851 versatur,
1127 4763 1344 4851 illustranda,
1364 4783 1428 4832 nec
1443 4763 1527 4832 utile
1541 4773 1609 4850 est,
1627 4771 1662 4833 et
1675 4763 1715 4831 id
1728 4761 1835 4832 babet
1849 4763 1902 4832 in·

272 4898 463 4987 commodi,
479 4910 516 4969 ut
530 4923 617 4990 quae
628 4901 704 4994 jam
716 4902 809 4972 dicta
823 4903 908 4991 sint,
926 4903 1050 4974 iterum
1061 4903 1225 4975 dicautur.
1244 4902 1425 4998 ‘Equidem
1441 4925 1516 4972 eam
1530 4902 1623 4972 volui
1638 4901 1777 4994 ingredi
1791 4901 1881 4973 viam
1889 4953 1901 4988 ‚

273 5049 310 5108 ut
325 5037 447 5109 ordine
461 5038 506 5108 de
520 5040 667 5134 singulis
682 5039 788 5135 hujus
801 5043 896 5112 nervi
911 5044 1085 5138 pertibus,
1110 5067 1199 5134 quae
1209 5043 1376 5136 senserint
1389 5042 1589 5128 anatomici,
1615 5063 1828 5136 exponerem.

323 5277 353 5344 1)
369 5280 503 5334 bomar
519 5275 592 5332 utre.
609 5277 643 5332 tle
658 5277 751 5333 Narro
769 5279 875 5349 spinuli
891 5280 925 5334 ad
943 5297 993 5350 par
1009 5281 1118 5352 vegam
1135 5281 1302 5335 Acceerorio.
1334 5281 1477 5350 Aegeus.
1493 5277 1568 5334 troo.
