4678 6170
454 605 506 694 ii

453 813 562 884 multo
588 808 742 882 interiori
767 804 1019 900 posteriorique
1051 805 1205 876 menium
1236 811 1381 900 trepano
1412 805 1628 902 perforetur,
1670 804 1766 897 quod
1797 813 1911 879 tameo
1941 755 2086 901 propter

455 949 625 1022 musculos
642 946 829 1020 cervicules
847 945 950 1014 altius
968 943 1005 1018 in
1020 943 1140 1014 bestiis
1158 944 1226 1014 nesi
1244 945 1387 1038 occipiti
1403 947 1543 1034 affixos,
1576 945 1657 1016 dein
1674 952 1820 1046 propter
1835 945 1949 1032 sinas,
1984 945 2084 1018 deni·

454 1095 681 1179 quapropter
703 1085 809 1156 cranii
827 1059 1103 1174 inaequalitatem
1120 1083 1197 1153 lieri
1221 1104 1286 1154 non
1310 1094 1435 1178 posset.
1493 1085 1616 1174 Itaque
1634 1083 1750 1156 occiso
1771 1103 1874 1171 cane,
1898 1103 2085 1176 praepura-

452 1227 544 1334 tiope
567 1226 682 1294 locum
706 1223 879 1312 qmesiri,
917 1243 987 1311 quo
1012 1218 1268 1292 Accessnrium
1299 1225 1389 1294 intra
1415 1193 1603 1294 medullam
1627 1221 1794 1314 spinulem
1821 1243 1923 1311 quam
1948 1243 2085 1314 ponem

452 1366 616 1438 altissime
641 1364 856 1436 dissuentem.
911 1362 970 1431 Ad
992 1363 1033 1430 id
1053 1363 1140 1432 milui
1165 1361 1347 1436 ridebatur
1372 1361 1610 1449 interstitium,
1642 1360 1738 1451 quod
1761 1361 1915 1430 cranium
1938 1360 2026 1430 inter
2050 1370 2085 1430 et

451 1500 655 1591 Atlantem,
677 1510 711 1572 et
727 1503 816 1571 inter
832 1500 1058 1593 posteriorem
1073 1500 1217 1590 quidem
1235 1521 1352 1571 arcum
1370 1499 1445 1592 ejus
1464 1509 1500 1570 et
1517 1499 1657 1591 occiput
1678 1508 1746 1586 eet,
1769 1508 1874 1588 atque
1895 1497 2085 1592 ligamento

450 1641 662 1713 obturatnrio
685 1639 868 1732 posteriori
889 1639 1035 1710 cervicis
1058 1611 1267 1732 obtegitur,
1290 1638 1615 1730 opportunissimum
1631 1657 1724 1722 esse,
1753 1636 1885 1727 quippe
1907 1635 1967 1705 ubi
1992 1637 2084 1706 nulla

452 1782 649 1874 operatione
663 1779 831 1865 violente,
850 1777 945 1847 nulle
957 1799 1053 1846 serra
1071 1778 1233 1866 nulloque
1247 1777 1384 1869 scalpro
1398 1776 1578 1862 adhibito,
1595 1775 1633 1844 in
1647 1772 1801 1844 canalem
1815 1773 2083 1844 columnaeser-

450 1919 592 1989 tebralis
607 1917 788 1988 commode
807 1891 988 2002 descendi,
1014 1917 1109 1986 nervi
1126 1925 1240 1984 autem
1257 1916 1469 1986 Acccesorr'i
1487 1916 1524 1983 in
1539 1921 1685 2003 utroque
1701 1914 1809 1982 latere
1820 1912 1978 2005 jacentes
1997 1936 2080 1984 cou-

449 2058 557 2149 spici,
584 2066 619 2126 et
635 2078 739 2148 supra
754 2055 922 2148 posticam
937 2054 1042 2146 primi
1059 2053 1155 2122 nerri
1173 2052 1355 2124 cervicalis
1371 2052 1525 2123 radicem
1543 2053 1707 2124 dissecari
1726 2059 1879 2142 poseant
1961 2105 1967 2120 .

549 2196 681 2266 verum
707 2195 976 2288 primumquod
1001 2193 1069 2262 lrac
1090 2192 1146 2262 sie
1170 2215 1212 2262 ex
1232 2213 1317 2263 cane
1329 2193 1461 2287 jurene
1485 2191 1565 2284 cepi
1589 2190 1876 2284 experimentum,
1900 2190 2083 2260 infaustum

449 2337 573 2417 habuit
590 2346 770 2423 eventum,
794 2357 872 2406 cum
889 2337 1000 2420 conis,
1023 2335 1223 2438 priusquam
1240 2331 1393 2404 canalem
1413 2330 1641 2400 vertebrulem
1662 2330 1869 2422 aperuissem
1891 2337 1926 2396 et
1945 2324 2082 2398 Acces-

450 2477 574 2555 sorr'os
587 2473 843 2560 dissecuissem,
868 2483 998 2542 tantum
1015 2472 1189 2566 sanguinis
1206 2471 1396 2557 amitteret,
1420 2479 1460 2540 nt
1477 2490 1557 2540 mox
1575 2470 1737 2540 interiret
1786 2469 1972 2558 Postquam
1988 2467 2080 2536 euim

451 2614 584 2684 duabus
603 2611 826 2698 sectionibus,
852 2633 997 2700 quarum
1012 2610 1118 2679 altera
1136 2609 1258 2680 eodem
1275 2616 1437 2700 vergeret
1452 2630 1523 2698 quo
1537 2608 1629 2680 linea
1645 2606 1908 2678 semicircularis
1923 2605 2081 2697 superior

452 2755 538 2824 ossis
550 2715 726 2845 accipitis,
750 2752 858 2822 altera
873 2770 938 2841 per
953 2749 1103 2818 mediam
1119 2729 1290 2818 cervicem
1310 2747 1527 2835 decurreret,
1553 2757 1667 2819 cutem
1690 2750 1725 2818 in
1740 2747 1884 2817 formam
1906 2746 2027 2816 literae
2047 2745 2081 2815 Τ

300 2939 302 2946 ,
451 2891 600 2966 dissecui
621 2900 657 2960 et
679 2889 863 2976 reclinavi,
899 2888 1069 2956 musculos
1096 2895 1131 2956 et
1155 2887 1376 2979 ligamentum
1399 2887 1569 2979 posticum
1587 2885 1734 2956 cervicis
1762 2885 1806 2954 ab
1829 2907 1905 2956 osse
1930 2883 2080 2976 occipite

452 3033 625 3103 dissecare
649 3038 684 3100 et
704 3028 943 3112 interstitium,
968 3026 1065 3116 quod
1090 3035 1141 3096 est
1163 3026 1254 3094 inter
1274 3021 1462 3097 Atlantem
1487 3036 1523 3096 et
1546 3027 1700 3096 cranium
1726 3024 1900 3096 denudare
1924 3032 2080 3106 conatus,

451 3171 601 3262 primum
620 3168 830 3238 emissarium
847 3133 1020 3255 quendam
1040 3159 1249 3248 Santorinr',
1280 3187 1349 3252 quo
1372 3188 1435 3256 per
1457 3188 1619 3264 magnum
1641 3165 1816 3255 quoddam
1834 3163 1987 3232 foramen
2006 3185 2080 3230 ma-

412 3385 414 3391 ,
450 3307 621 3380 stoideum
640 3306 732 3376 sinus
749 3291 959 3374 transversus
978 3323 1057 3372 cnm
1075 3301 1173 3370 Vena
1190 3300 1365 3392 occipitali
1387 3303 1669 3390 communicaret,
1696 3287 1866 3385 dissecui3
1903 3323 1972 3392 quo
1989 3301 2080 3370 lacto

450 3469 575 3540 magne
600 3443 756 3536 prolusio
784 3442 962 3535 sanguinis
989 3448 1198 3528 consequuta
1220 3449 1291 3526 est,
1328 3462 1429 3530 quam
1454 3442 1552 3510 initio
1576 3403 1795 3522 nullomodo
1822 3443 1942 3512 sistere
1973 3440 2080 3533 potui.

448 3585 586 3658 Deinde
605 3607 684 3654 eum
701 3584 838 3653 tandem
859 3583 897 3651 id
917 3581 1135 3674 contigisset,
1159 3580 1347 3673 ligamento
1365 3581 1577 3648 obturatnrin
1594 3582 1730 3670 postico
1746 3579 1891 3650 cervicis
1913 3578 2079 3662 dissecta,

448 3737 487 3796 ut
500 3725 653 3796 canalem
669 3722 896 3792 vertebrolem
915 3721 1105 3813 aperirem,
1131 3720 1244 3788 denuo
1262 3720 1421 3789 dextrum
1436 3719 1549 3787 sinum
1566 3719 1791 3810 posteriorem
1807 3718 1984 3789 columnae
2000 3739 2079 3798 rer·

446 3867 588 3937 tebrulis
602 3866 651 3934 itu
668 3864 770 3951 laesi,
795 3871 833 3932 ut
850 3862 1001 3952 plurimo
1015 3862 1181 3954 sanguine
1196 3862 1341 3942 amisse,
1366 3820 1607 3925 animalillico
1620 3856 1785 3925 interiret.

548 4003 606 4099 Ad
630 4003 726 4072 idern
749 4000 1021 4091 experimentum
1045 3998 1249 4091 parimodo
1271 3972 1518 4066 instituendum
1548 3996 1715 4088 vigesimo
1737 3995 1858 4084 quinte
1877 3993 1970 4086 Maji
1994 4016 2078 4066 cene

447 4161 527 4230 usus
555 4159 630 4207 sum
659 4147 711 4208 sat
741 4159 869 4230 magno
895 4145 931 4207 et
954 4135 1080 4222 alacri,
1115 4136 1151 4204 in
1175 4156 1245 4224 quo
1275 4155 1354 4204 cum
1378 4155 1446 4225 ego
1469 4135 1600 4202 cautius
1621 4155 1781 4226 agerem,
1821 4143 1856 4202 et
1883 4134 1976 4203 canis
2004 4133 2079 4228 ipse

447 4277 571 4348 mirum
599 4275 637 4342 in
658 4275 799 4343 modurn
829 4273 965 4363 quietus
994 4283 1029 4342 et
1049 4273 1150 4340 fortis
1175 4282 1282 4358 esset,
1315 4269 1481 4363 contigit,
1517 4278 1555 4340 ut
1579 4251 1804 4370 ligamentum
1831 4271 2080 4340 obturatnrium

446 4419 618 4510 posticum
638 4415 808 4507 aperirem
838 4415 940 4503 inque
962 4411 1114 4483 canalem
1138 4411 1314 4481 columnae
1338 4407 1542 4475 vertebralis
1566 4408 1715 4485 feliciter
1735 4420 1972 4501 penetrarem:
2008 4429 2080 4496 quo

446 4559 538 4628 lacto
568 4580 690 4649 magne
718 4555 864 4624 subflari
890 4516 1073 4644 cujusdam
1100 4571 1141 4620 ac
1161 4554 1270 4620 cerosi
1298 4545 1443 4637 liquoris
1470 4549 1569 4639 copia
1597 4549 1749 4618 ecanuli
1772 4548 1867 4615 illico
1900 4551 2078 4618 emanavit

444 4697 526 4766 Jum
547 4716 628 4762 vern
648 4691 891 4764 Accerserios
914 4691 1078 4782 conspexi
1103 4691 1212 4758 oculis
1233 4688 1319 4756 meis
1335 4685 1493 4778 jacentes
1515 4687 1549 4754 in
1573 4695 1719 4774 utroque
1744 4683 1916 4754 medullae
1937 4687 2079 4778 spinalis

447 4836 573 4918 lutere,
608 4841 643 4900 et
662 4829 783 4898 amhos
801 4829 939 4898 tandem
960 4851 1091 4898 summa
1109 4826 1270 4896 adhibite
1286 4829 1445 4897 cautione
1468 4827 1589 4922 forfice
1611 4825 1785 4912 aliquanto
1811 4846 1915 4916 supra
1944 4827 2078 4914 locum,

447 4970 508 5038 ubi
533 4971 686 5060 posticae
708 4966 813 5060 primi
840 4966 933 5057 paris
959 4964 1182 5033 cervicalium
1207 4963 1343 5035 radices
1368 4937 1544 5050 oriuntur,
1589 4960 1761 5032 dissecare
1802 4964 1888 5033 milri
1922 4965 2075 5056 contigit

446 5107 598 5177 Simulac
615 5131 754 5178 nervum
771 5111 806 5176 in
824 5107 946 5174 dextro
963 5105 1070 5172 latere
1087 5103 1255 5193 dissecui,
1278 5103 1371 5174 canis
1385 5103 1529 5172 ululavit
1543 5103 1754 5190 aliquantum
1769 5110 1941 5194 caputque
1956 5102 2077 5194 paulu·

448 5233 520 5315 lom
534 5246 749 5315 dextrorsum
763 5245 904 5316 inflexit.
951 5241 1100 5316 Sinistro
1113 5254 1227 5314 autem
1244 5241 1350 5313 n'ervn
1366 5241 1535 5328 dissecto,
1552 5249 1657 5336 caput
1671 5239 1901 5310 sinistrorsum
1915 5239 2074 5326 flectens,
