4672 6172
1828 639 1880 724 ti

251 845 383 916 ioteroo
398 839 603 938 coujunctos
616 849 815 938 appareret,
829 863 949 936 reapse
961 841 1116 914 diverses
1129 839 1391 940 physiologicre
1405 841 1481 935 ejus
1496 841 1681 915 trucconis
1692 851 1878 937 potestutes

250 985 438 1068 cuutiueri;
462 983 529 1054 hac
547 983 706 1075 opinione
721 991 910 1052 commotus
927 987 1021 1070 sum,
1050 988 1089 1050 ut
1106 1001 1174 1071 ope
1193 979 1295 1052 cultri
1320 981 1356 1048 iu
1378 975 1481 1075 Vugi
1499 989 1703 1051 structurum
1727 982 1878 1075 diiigen-

251 1127 382 1198 tiesime
399 1125 616 1216 inquirerem
672 1123 765 1194 Usus
779 1123 883 1193 edam
905 1143 981 1194 sum
1002 1117 1232 1192 maceratione
1260 1113 1299 1186 io'
1319 1117 1435 1188 Aeido
1454 1119 1652 1208 muriatico,
1683 1119 1747 1190 sed
1773 1141 1814 1190 er
1839 1120 1879 1190 id

217 1287 228 1304 ·
251 1264 348 1360 quod
362 1263 457 1335 volui
472 1285 540 1334 uon
556 1264 604 1332 ite
618 1283 692 1331 sum
710 1269 918 1351 assequutus
941 1298 991 1314 -
1015 1247 1279 1350 Prieparauooe
1298 1257 1373 1347 ipse
1394 1277 1474 1326 mox
1491 1265 1652 1348 expertus
1668 1277 1765 1344 sum,
1785 1267 1880 1328 troo-

252 1421 332 1470 cum
350 1395 454 1496 Vagi
471 1421 587 1470 revere
606 1397 791 1491 multiplici
807 1417 881 1468 esse
899 1405 1088 1482 structura,
1112 1401 1202 1484 'qum
1218 1395 1335 1464 multis
1352 1391 1428 1486 ojus
1444 1395 1608 1469 radiculis
1624 1396 1880 1485 quodammodo

252 1539 458 1610 conveniret
506 1535 613 1606 Heud
628 1535 816 1608 difficulter
831 1557 935 1629 seepe
947 1536 983 1607 in
996 1535 1102 1605 fibras
1114 1535 1176 1604 iiie
1194 1533 1346 1606 dudodt
1360 1541 1490 1626 potest,
1507 1555 1592 1626 ques
1605 1534 1722 1627 plures
1735 1535 1881 1628 pollices

250 1675 389 1770 longus,
414 1675 602 1746 dummodo
620 1674 691 1744 tele
706 1675 870 1746 cellulum
886 1675 977 1746 bene
993 1680 1157 1770 purgatae
1172 1672 1257 1760 siut,
1290 1672 1348 1743 vel
1367 1671 1470 1742 nudis
1489 1673 1599 1744 oculis
1619 1674 1781 1765 persequi
1795 1693 1879 1766 pos-

222 1901 227 1914 ·
251 1833 377 1886 sumus.
426 1811 500 1884 Sed
512 1822 624 1882 temen
643 1833 816 1903 nunquam
832 1811 921 1882 mihi
940 1812 1086 1905 contigit
1106 1833 1149 1880 eo
1164 1810 1288 1899 modo,
1313 1833 1383 1902 quo
1402 1833 1475 1919 rem
1493 1811 1678 1882 Wruursrus
1695 1812 1882 1900 describit,

256 1947 403 2047 Vagum
422 1949 505 2020 inde
524 1949 570 2018 ab
594 1951 728 2044 origine
747 1971 809 2020 sue
835 1971 943 2039 usque
968 1949 1014 2018 ed
1036 1949 1174 2042 singule
1192 1971 1340 2044 organa,
1377 1949 1589 2042 mergulos
1611 1971 1733 2020 nemos
1751 1949 1881 2021 discin-

192 2055 199 2068 ,
252 2089 358 2174 dere;
389 2089 452 2160 sed
473 2090 534 2158 iric
555 2089 628 2158 iilic
644 2090 719 2160 vidi
735 2090 888 2183 singulus
901 2089 1026 2176 fibras,
1056 2089 1093 2156 ic
1112 2109 1197 2178 ques
1214 2107 1336 2179 reapse
1359 2087 1420 2157 ille
1443 2086 1555 2158 dividi
1577 2097 1709 2180 potest,
1739 2089 1827 2158 iuter
1842 2107 1881 2156 se

251 2230 346 2304 varie
361 2250 425 2320 per
441 2229 667 2298 euastomesiu
683 2228 870 2323 conjungi,
896 2229 978 2298 dein
996 2227 1197 2314 discedere,
1220 2236 1293 2298 tum
1314 2249 1397 2297 vero
1413 2195 1541 2344 iterum
1560 2227 1661 2296 necti.
1720 2227 1881 2297 Presser-

250 2367 312 2435 tim
327 2367 422 2456 quod
439 2367 560 2437 ettiuet
576 2365 622 2436 ud
641 2389 783 2438 nervum
798 2361 1057 2436 Recurreutem
1075 2365 1262 2437 multifarie
1278 2366 1323 2438 de
1337 2365 1405 2436 hac
1422 2391 1460 2438 re
1476 2366 1657 2457 inquisivi,
1682 2367 1763 2456 (pria
1779 2385 1880 2436 ceusu

189 2483 195 2497 ’
244 2505 338 2576 mihi
352 2505 419 2575 iuit
437 2507 642 2598 praecipue,
668 2525 730 2574 cur
746 2505 945 2590 crederem,
967 2504 1175 2596 semipsum
1193 2526 1335 2575 nervum
1352 2505 1454 2598 jorra
1472 2501 1620 2599 Vagum
1638 2512 1799 2592 unquam
1813 2505 1882 2573 siu·

129 2669 131 2686 ·
250 2645 406 2740 putarem
423 2644 544 2713 fibram
561 2644 765 2732 decurrere,
787 2665 890 2734 quem
907 2643 1077 2736 imprimis
1092 2639 1331 2716 Accerseriuc
1346 2643 1584 2715 conformaret.
1634 2640 1881 2710 verumetiam

250 2784 280 2852 si
299 2783 473 2852 interdum
495 2781 583 2852 mihi
603 2783 813 2876 contigeret,
845 2789 883 2852 ut
904 2783 1007 2875 puulo
1030 2781 1248 2874 supradixi,
1278 2782 1374 2850 iilum
1393 2781 1570 2870 quoddam
1597 2779 1770 2851 interioris
1793 2745 1881 2849 remi

250 2917 481 3008 Accesscrii,
515 2921 659 2991 ulterius
675 2921 864 2992 secuudum
884 2915 1031 3018 chum
1047 2943 1151 2991 muru
1169 2921 1348 3010 oculisque
1364 2921 1544 3012 persequi,
1576 2923 1747 3009 uunquam
1767 2929 1881 2990 tumeo

250 3062 299 3129 ite
314 3060 401 3130 mihi
416 3061 580 3154 contigit,
604 3069 766 3151 utusque
784 3061 829 3130 ad
846 3083 985 3132 nervum
1004 3055 1263 3131 decurrentem
1280 3061 1506 3152 pervenirem.
1560 3055 1690 3156 Vagus
1705 3061 1797 3130 euim
1812 3060 1881 3131 hoc

253 3201 332 3272 loco
344 3199 419 3294 jam
435 3202 549 3296 megis
571 3202 607 3272 iu
622 3202 721 3272 unius
739 3201 834 3272 uerri
850 3202 946 3291 quusi
961 3219 1087 3292 corpus
1108 3197 1255 3285 oculuit,
1284 3197 1378 3266 uode
1394 3191 1602 3266 Recurrcus
1624 3197 1672 3264 ite
1691 3195 1820 3284 oritur,
1843 3205 1883 3266 ut

252 3337 397 3436 eVago
412 3349 571 3430 tunquam
585 3341 772 3433 peculiaris
787 3361 912 3411 nervus
926 3340 992 3409 nisi
1006 3338 1109 3408 cultri
1126 3358 1194 3430 ope
1208 3335 1377 3406 violenter
1392 3336 1543 3426 reparari
1560 3356 1627 3404 uon
1639 3335 1757 3428 pomit-
1805 3330 1884 3406 Re-
1970 3324 1974 3332 ’

251 3499 332 3548 mus.
342 3475 585 3574 Pharyugeuu
600 3477 694 3546 solus
709 3477 756 3546 ite
771 3485 823 3547 est
838 3485 1072 3568 comparatus,
1088 3485 1127 3544 ut
1140 3476 1400 3568 praeparatione
1417 3475 1553 3544 ostendi
1571 3485 1692 3565 quest,
1713 3497 1793 3546 eum
1808 3497 1882 3546 esse

251 3617 425 3686 interioris
438 3616 524 3685 remi
537 3612 751 3687 Accessorii
768 3622 803 3684 et
822 3597 925 3709 Vagi
939 3613 1008 3710 iilis
1022 3614 1258 3708 compositum.
1307 3613 1406 3685 idem
1424 3613 1471 3682 de
1488 3611 1686 3710 Laryngec
1701 3613 1883 3709 superiori

251 3754 415 3823 offirmari
441 3777 508 3823 uon
526 3761 658 3846 potest,
692 3751 852 3843 quonium
875 3753 938 3822 uiri
966 3775 986 3820 e
1010 3745 1122 3848 Vugc
1142 3751 1309 3837 discedit,
1341 3751 1530 3821 arctissime
1555 3751 1616 3822 hic
1643 3773 1723 3819 cum
1752 3750 1885 3839 aliquot
2009 3785 2015 3792 ·

253 3887 465 3964 Accessorii
482 3890 580 3961 tibris
601 3889 805 3982 conjunctus
827 3898 897 3977 cst,
931 3913 1020 3980 quue
1042 3900 1156 3962 temen
1176 3912 1244 3960 nou
1262 3909 1370 3977 usque
1392 3889 1438 3957 ed
1460 3886 1694 3982 Luryngeum
1719 3886 1883 3978 persequi
2024 3921 2026 3928 ·

250 4038 412 4123 pomuut3
440 4049 542 4118 quam
561 4029 697 4100 obrem
715 4028 755 4097 id
771 4029 1006 4097 tautummodo
1022 4030 1107 4098 ticet
1124 4027 1274 4119 opinari,
1300 4046 1377 4095 eum
1397 4047 1416 4094 e
1437 4025 1507 4094 dtis
1529 4020 1632 4120 Vugi
1647 4023 1762 4117 potius
1780 4047 1884 4116 quum

250 4165 465 4240 Accesscrii
489 4168 715 4261 compositum
743 4189 837 4256 esse,
873 4165 970 4256 quud
994 4166 1151 4239 ulteriori
1174 4169 1250 4264 ejus
1272 4169 1422 4240 decursu
1444 4178 1479 4238 et
1503 4143 1747 4240 divendeticue
1781 4168 1884 4240 etiam

251 4307 505 4400 comprobetur.

351 4443 476 4515 Oritur
498 4441 589 4514 euim
608 4461 721 4515 remus
741 4439 960 4540 Laryugeur
980 4449 1149 4538 superior
1171 4439 1225 4539 ⁵³)
1254 4469 1275 4514 ιι
1296 4446 1402 4518 latere
1426 4449 1547 4516 tertiae
1568 4448 1677 4540 partis
1697 4446 1886 4538 superioris

252 4585 375 4676 plexus
387 4585 480 4654 illius
495 4557 776 4677 geogtioiormie,
795 4594 829 4649 et
844 4583 878 4650 in
896 4583 1100 4674 corporibus
1115 4585 1346 4654 mammutium
1360 4586 1540 4654 manifesto
1554 4585 1736 4654 maximum
1750 4593 1884 4677 purtem

252 4726 297 4795 eir
313 4727 390 4812 iile,
415 4749 519 4820 quum
542 4749 646 4820 supru
670 4726 931 4796 memoravimus
954 4728 1065 4819 megis
1085 4725 1280 4823 gaugliosr,
1305 4724 1440 4794 rebelle
1461 4725 1618 4795 inferiori
1636 4736 1736 4818 perte
1752 4728 1884 4818 plexus

251 4867 429 4940 Dividitur
453 4870 616 4938 contiuuo
632 4869 682 4936 iu
707 4867 794 4937 duos
816 4887 948 4954 remos,
983 4876 1158 4938 externum
1183 4874 1218 4935 et
1241 4866 1407 4934 internum
1438 4855 1504 4956 ⁵9).
1566 4865 1697 4934 Remus
1725 4872 1885 4936 externus

252 5009 455 5104 dispertitur
470 5006 504 5076 io
522 5009 692 5080 musculos
713 5003 997 5080 Constrictorem
1006 5005 1219 5104 Pduryrrgis
1230 5001 1467 5102 inferiorem,
1483 4999 1885 5102 Stemotlpyreoideuur,

251 5165 481 5185 -nfin——flfl

284 5249 334 5316 58)
350 5247 419 5302 Tau.
433 5249 455 5301 1.
472 5245 533 5317 rig.
549 5248 570 5300 1.
586 5245 629 5300 dd.

283 5354 333 5421 50)
347 5355 417 5410 Tru.
434 5355 456 5408 L
471 5353 533 5424 dig.
549 5353 569 5406 1.
587 5349 624 5406 dd
638 5357 667 5405 et
683 5351 725 5408 dd.
