4672 6172
1850 619 1900 696 tl

367 827 469 898 Hunc
495 847 659 912 nervom,
695 821 808 915 qualis
828 823 863 894 in
888 815 1132 920 Cyprr'oorum
1152 841 1281 914 genere
1301 829 1487 914 appareat,
1522 821 1778 910 simonidem,
1817 821 1905 913 qnid

271 968 318 1038 de
339 966 414 1062 ejus
441 977 560 1036 natura
586 971 622 1036 ot
646 963 822 1034 iunctione
844 962 1008 1050 sentiam,
1042 984 1098 1031 mo
1116 961 1249 1034 nescire
1276 963 1388 1034 libere
1407 962 1528 1034 lateor.
1585 965 1741 1052 Quodsi
1766 965 1841 1060 qius
1866 965 1903 1036 in

271 1106 433 1176 mosculis
455 1107 581 1198 pinnae
601 1105 754 1197 pectoris
775 1100 1056 1171 divaricationem
1083 1113 1119 1172 et
1138 1103 1309 1198 originem
1330 1126 1352 1173 a
1371 1103 1523 1174 medoilo
1545 1104 1726 1202 oblongata
1749 1105 1903 1194 doctam,

271 1249 441 1342 respicio,
473 1246 659 1340 respondet
688 1245 749 1314 illo
774 1265 899 1315 nervos
928 1242 1184 1334 quodammodo
1210 1265 1315 1314 nervo
1336 1242 1576 1333 Accessorio‚
1608 1247 1669 1335 qni
1694 1245 1729 1314 in
1750 1246 1905 1338 superio·

270 1389 368 1457 ribus
397 1387 594 1458 animalium
619 1384 864 1454 vertebreliom
894 1382 1062 1454 classibus
1094 1382 1274 1453 invenitor.
1339 1385 1510 1473 Reliquae
1537 1394 1651 1454 antem
1682 1407 1800 1456 omnes
1828 1383 1904 1478 ejus

269 1527 416 1597 rationes
442 1526 525 1596 lrnic
559 1523 716 1617 opinioni
743 1523 883 1594 minime
908 1523 1092 1594 convenire
1122 1524 1291 1594 vitientur.
1359 1526 1448 1594 Nam
1475 1526 1569 1617 apud
1598 1535 1713 1595 cetera
1746 1525 1903 1596 animalia

269 1667 475 1736 vertebralia
493 1662 735 1738 Accessere
753 1685 865 1754 nequo
886 1689 908 1735 a
935 1664 1167 1762 liugemino,
1192 1686 1303 1754 neque
1321 1686 1364 1736 ex
1380 1664 1501 1734 anticls
1518 1676 1554 1732 et
1569 1665 1713 1758 posticis
1732 1664 1904 1734 medullae

268 1805 477 1898 oblongotae
493 1803 623 1898 virgis,
646 1804 710 1874 aed
731 1829 751 1876 e
769 1803 852 1876 solis
870 1803 1013 1898 posticis
1032 1801 1116 1876 oriri
1137 1801 1283 1872 vitietur.
1343 1801 1520 1892 Nusquam
1541 1803 1579 1872 in
1599 1825 1641 1872 eo
1664 1803 1904 1897 conspeximus

268 1941 456 2036 gunglion‚
489 1942 583 2031 quod
605 1963 748 2035 prorsus
767 1944 813 2012 ab
830 1941 907 2036 ejus
927 1952 1046 2013 natura
1067 1944 1217 2014 alienum
1237 1951 1309 2027 esta
1343 1952 1378 2012 et
1405 1944 1493 2014 ratio
1511 1967 1668 2036 quoque,
1702 1967 1769 2034 qua
1789 1969 1810 2015 e
1831 1965 1904 2014 me-

270 2081 368 2152 dulla
386 2081 571 2176 oblongota
587 2083 716 2172 oritur,
749 2084 797 2153 nil
815 2081 922 2154 habet
936 2105 1118 2154 commune
1136 2105 1214 2154 cum
1232 2082 1312 2171 illa,
1336 2105 1405 2175 qna
1419 2079 1661 2156 Accessorius
1684 2085 1720 2152 in
1741 2104 1904 2152 mamma·

267 2219 371 2306 lium,
396 2222 509 2289 avium
531 2230 566 2290 et
584 2221 759 2314 reptilium
774 2223 980 2313 corporibus
1001 2223 1120 2292 oritur.
1177 2223 1301 2312 Neque
1320 2223 1349 2292 si
1373 2218 1570 2321 Cyprinum
1598 2219 1818 2320 Carpionem
1844 2246 1903 2296 ex·

269 2358 423 2449 ceperis,
456 2359 528 2428 ullo
559 2360 637 2428 loco
665 2383 744 2430 cum
780 2357 825 2430 V
818 2382 891 2457 ago
919 2360 1059 2451 junctos
1092 2371 1151 2430 est
1227 2363 1386 2452 Denique
1416 2365 1567 2434 omnium
1599 2365 1746 2433 maxime
1780 2365 1903 2433 mirum

269 2496 425 2584 videtur,
466 2499 524 2566 uni
556 2499 608 2566 illi
643 2494 889 2595 Cyprinorum
919 2499 1042 2592 generi
1074 2498 1170 2568 hooc
1200 2523 1343 2570 nervum
1377 2523 1473 2589 esse,
1519 2501 1620 2594 cujus
1651 2503 1702 2572 rei
1739 2503 1903 2572 rationem
1932 2461 1937 2470 ¹

269 2637 431 2726 equidem
455 2661 523 2708 non
551 2639 721 2768 intelligo.
776 2640 875 2726 Quae
896 2661 976 2710 cum
998 2639 1046 2708 ita
1065 2639 1155 2724 sint,
1185 2639 1266 2710 licet
1289 2641 1524 2710 Dnsrnouumro
1548 2641 1775 2729 consentiam,
1809 2641 1904 2712 hone

268 2799 409 2848 nervum
429 2774 819 2875 Glossoplraryngewn
838 2779 1007 2872 appellari
1028 2801 1094 2850 non
1109 2799 1230 2870 posse,
1262 2789 1376 2847 tamen
1394 2801 1468 2848 mea
1483 2781 1652 2849 sententia
1667 2781 1763 2849 haud
1780 2779 1904 2872 majori

268 2913 346 3007 jore
368 2939 435 3008 pro
448 2913 669 2990 Accessorto
690 2916 874 2988 habendus
892 2927 960 3004 est,
991 2939 1116 3005 meque
1133 2917 1240 3012 hujus
1255 2920 1307 2990 rei
1329 2918 1426 2989 houd
1447 2921 1528 2988 satis
1551 2918 1714 2990 idoneum
1735 2919 1903 2991 arbitrum

271 3079 345 3128 esse
374 3059 493 3130 fateor.
567 3061 611 3130 ld
641 3070 773 3130 tantum
805 3059 971 3147 monebo,
1011 3059 1106 3128 lrnoc
1133 3080 1274 3128 nervum
1306 3057 1488 3126 maximam
1519 3080 1603 3150 prae
1629 3079 1667 3128 se
1695 3058 1788 3130 ferre
1811 3059 1906 3128 simi·

268 3181 449 3270 litodinem
483 3221 562 3272 com
605 3201 719 3274 nervis
761 3200 969 3292 spinalibos‚
1022 3219 1170 3290 quorum
1207 3195 1361 3288 posticae
1387 3218 1525 3288 quoqne
1562 3197 1698 3268 radices
1734 3199 1903 3294 ganglion

269 3339 418 3426 habent,
451 3362 559 3428 seque
584 3363 664 3410 cum
684 3341 805 3411 anticis
821 3341 996 3434 jungunt,
1033 3339 1162 3432 pariter
1191 3347 1296 3428 atque
1320 3335 1426 3431 hujus
1448 3338 1544 3408 nervi
1570 3338 1706 3410 radices
1730 3341 1842 3432 prima
1871 3351 1904 3412 et

268 3478 369 3548 tertia
393 3478 562 3572 gonglion
585 3478 789 3564 formantes,
825 3499 905 3547 eum
931 3478 1082 3546 secunda
1107 3486 1143 3547 et
1166 3488 1307 3566 quarta,
1351 3500 1440 3568 quae
1465 3478 1549 3550 huie
1578 3481 1721 3572 ganglio
1749 3481 1903 3552 adnexae

269 3619 504 3688 tantummodo
534 3628 721 3712 apparent,
770 3619 805 3687 in
838 3639 941 3687 unum
972 3637 1114 3688 nervum
1147 3616 1351 3686 coalescunt
1425 3615 1528 3686 Certe
1555 3619 1809 3690 nasaoourrua
1838 3617 1904 3688 hoc

271 3755 496 3826 similitudine
520 3767 709 3827 commotus
743 3779 823 3826 eum
855 3779 976 3849 reapse
1012 3779 1078 3849 pro
1105 3753 1219 3846 primo
1248 3776 1353 3824 nervo
1382 3754 1506 3846 spinuli
1540 3756 1684 3839 habuit;
1728 3757 1791 3826 sed
1820 3757 1905 3827 hnic

268 3893 458 3964 sententiae
490 3895 659 3989 originem
695 3891 770 3985 ejus
801 3893 890 3962 intra
921 3895 1073 3963 cranium
1110 3905 1145 3964 ot
1176 3894 1405 3965 anastomosin
1437 3895 1532 3964 illam
1575 3918 1654 3967 cum
1694 3895 1903 3994 stigemino

271 4031 407 4102 obstare
432 4032 545 4103 rideo.

297 4148 301 4156 ⁴
343 4171 417 4242 Nec
436 4173 562 4243 certios
576 4173 764 4263 quidquem
782 4171 915 4259 habeo,
940 4169 1035 4260 qood
1053 4168 1098 4239 de
1114 4191 1219 4239 nervo
1235 4169 1296 4239 illo
1317 4165 1482 4240 Laterali
1497 4169 1647 4242 offeram.
1695 4173 1797 4246 Licet
1815 4177 1904 4246 enim

270 4309 332 4380 hic
351 4332 474 4381 nervos
496 4310 532 4378 in
551 4311 700 4379 omnium
722 4310 798 4380 lere
816 4309 983 4403 piscium,
1019 4313 1139 4402 paucis
1159 4313 1333 4404 exceptis,
1371 4315 1575 4406 corporibus
1599 4327 1651 4386 sat
1676 4340 1819 4410 magnus
1848 4341 1904 4388 re·

270 4433 443 4543 periatur,
467 4461 503 4521 et
519 4449 596 4542 jam
616 4450 676 4519 diu
698 4457 796 4519 notos
814 4451 876 4534 sit,
902 4459 1015 4519 tamen
1039 4459 1131 4520 tanta
1152 4461 1203 4522 est
1222 4453 1373 4521 virorum
1394 4453 1574 4524 doctorum
1592 4453 1637 4523 de
1652 4477 1695 4525 eo
1715 4455 1902 4538 dissensio,

202 4645 205 4654 .
274 4593 411 4681 utquid
427 4592 623 4678 rerumsit,
647 4592 707 4660 rix
724 4601 896 4683 appareat
944 4592 1037 4678 Alii,
1062 4601 1100 4660 ut
1115 4592 1368 4662 Itrrsnooumos
1383 4601 1418 4662 et
1435 4591 1569 4662 Οιπιππ
1590 4587 1664 4684 9⁵),
1690 4615 1769 4663 eum
1784 4607 1904 4688 putant

273 4751 345 4802 esse
364 4753 505 4803 nervom
522 4700 716 4805 sensilioum
735 4746 770 4804 et
791 4734 936 4802 alterum
958 4733 1054 4822 quasi
1080 4731 1337 4822 respiratoriom
1357 4753 1517 4818 nervum,
1543 4734 1601 4822 qoi
1624 4733 1669 4802 ad
1692 4746 1805 4804 cutem
1827 4747 1904 4804 tan·

187 4966 191 4975 ¹
272 4867 450 4940 tummodo
466 4871 656 4964 pertineat,
686 4871 768 4962 quia
792 4871 905 4964 pisces
928 4873 1031 4941 etiam
1058 4871 1127 4942 lroo
1145 4894 1276 4968 organo
1298 4873 1512 4965 respirarent
1569 4873 1681 4944 Simili
1699 4874 1802 4946 modo
1821 4877 1904 4948 doru

304 5193 355 5259 ta)
372 5193 479 5248 curru
494 5197 522 5246 et
539 5191 743 5248 ramma
759 5194 780 5248 l.
794 5194 815 5248 l.
833 5210 859 5263 p.
875 5191 937 5248 dl&
