4678 6170
439 611 493 682 rs

441 806 517 900 ejus
550 809 651 880 esan
681 809 721 876 nr
748 809 975 897 nnumin,
1012 811 1135 881 enan
1165 811 1407 904 experimentis
1445 768 1650 884 dissectione
1685 813 1791 905 nnjn
1824 815 1910 883 rens
1940 813 2059 903 raom,

442 948 617 1040 arguitur,
652 971 729 1016 eum
752 950 896 1040 proprio
920 949 1044 1017 horum
1068 953 1299 1021 musculorum
1328 954 1435 1024 motui
1469 973 1647 1046 praeesse,
1684 964 1723 1025 ut
1745 951 1902 1024 obstinati
1926 956 1972 1026 sit
1994 955 2060 1025 lro-

441 1086 560 1172 minis,
583 1107 709 1178 negare
734 1087 826 1157 bunc
851 1107 993 1156 nervum
1019 1105 1094 1158 ome
1117 1089 1310 1160 motorium.

1186 1335 1221 1436 ς.
1269 1342 1327 1412 rr.

499 1603 504 1612 ,
540 1525 618 1592 Hoc
634 1525 710 1630 loco
728 1524 902 1612 quaeritur
921 1523 1006 1612 quid
1020 1516 1159 1594 tandem‘
1173 1524 1379 1593 anatomicos
1399 1532 1433 1592 et
1447 1481 1672 1616 physiologos
1689 1526 1852 1612 moverit,
1876 1534 1914 1596 ιιι
1929 1523 2062 1598 Acces-

442 1663 580 1734 sorr'rrm
596 1687 734 1734 nervum
754 1665 947 1735 seusltlcum
963 1666 1119 1735 dicerent
1138 1673 1196 1733 aut
1210 1667 1349 1733 mixtam
1366 1666 1397 1733 ei
1414 1661 1485 1732 vir'u
1503 1685 1544 1733 nc
1562 1675 1713 1734 naturam
1730 1666 1929 1735 tribuerent.
1976 1667 2063 1736 Per·

442 1808 543 1897 pauci
561 1807 701 1896 quidem
719 1807 916 1876 sententiam
934 1827 1027 1874 suam
1047 1806 1092 1876 de
1110 1807 1175 1876 lrao
1193 1829 1230 1874 re
1252 1816 1465 1896 aperueruut
1516 1805 1765 1874 Drrsuonurnrss
1782 1813 1817 1874 et
1833 1806 1979 1874 Brcxsn
1998 1807 2062 1874 soli

443 1944 530 2032 qnid
551 1938 716 2014 sentirent
736 1945 771 2011 in
789 1945 939 2013 medium
954 1945 1111 2034 prolerre
1125 1966 1190 2012 non
1207 1944 1428 2029 dubitarunt,
1461 1967 1605 2033 quorum
1623 1945 1708 2014 alter
1724 1967 1761 2014 se
1781 1946 1868 2014 dicit
1881 1947 2063 2036 suspicari,

441 2086 535 2154 bunc
560 2108 702 2154 nervum
729 2086 943 2154 sensibilitati
968 2084 1114 2172 servire,
1148 2088 1235 2154 alter
1255 2086 1350 2154 idem
1377 2094 1559 2176 procerte
1589 2096 1623 2155 ct
1651 2087 1827 2177 explorato
1858 2086 1965 2155 babet
2003 2081 2063 2178 ¹9).

309 2257 313 2264 ·
443 2228 642 2312 Announus,
664 2197 739 2296 [vir
755 2226 988 2311 doctissimus,
1020 2225 1226 2313 rationibus,
1258 2227 1294 2293 in
1314 2227 1535 2319 paragrapho
1555 2228 1770 2328 antecedenti
1793 2229 2065 2298 commemoratis

443 2367 584 2452 ductus,
613 2389 770 2457 praeesse
789 2389 866 2436 eum
885 2376 984 2458 putat
1000 2367 1129 2447 motui;
1164 2367 1304 2456 plurimi
1331 2376 1484 2435 naturam
1509 2369 1540 2435 ei
1567 2367 1718 2437 tribuunt
1739 2369 1886 2436 mixtam.
1919 2405 1966 2420 -
2005 2370 2062 2437 Illi

442 2517 555 2576 autem
573 2507 639 2574 viri
661 2531 726 2578 uon
743 2509 913 2593 contenti,
937 2507 1131 2575 sensificum
1148 2529 1225 2575 eum
1241 2505 1431 2575 nominasse
1450 2529 1609 2593 nervum,
1633 2507 1725 2575 harro
1743 2507 1938 2575 facultatem
1957 2507 2063 2577 rotam

316 2704 320 2711 .
443 2649 474 2717 ei
490 2649 602 2718 inesse
616 2649 793 2718 uoluerunt
808 2656 1011 2739 propterea,
1027 2647 1121 2737 quod
1138 2647 1197 2715 ille
1213 2647 1398 2739 spasticis
1414 2648 1585 2716 medullae
1597 2647 1737 2740 spinalis
1754 2647 1864 2740 virgis
1881 2671 2064 2737 earumque

443 2787 696 2856 continuatione
712 2787 757 2855 ad
774 2787 961 2855 medullam
979 2787 1196 2878 oblongntam
1213 2747 1296 2873 oriri
1317 2779 1503 2855 videretur.
1619 2755 1639 2890 Ι,
1795 2781 1800 2792 ’

513 2925 594 2993 Jam
614 2947 697 2994 vero
718 2926 764 2992 ad
782 2925 1022 3016 explicandam
1042 2925 1273 3013 quaestionem
1291 2925 1408 3008 venio,
1434 2945 1535 3011 quam
1550 2923 1773 2993 recentissimi
1797 2901 1841 2992 ed
1861 2924 1983 3002 simet
2004 2946 2064 2992 na-

441 3079 552 3136 turam
580 3087 759 3136 uerrorum
785 3065 1016 3159 indagandam
1043 3067 1182 3134 maximi
1204 3065 1363 3170 momenti
1392 3085 1464 3134 esse
1496 3075 1653 3151 censent,
1690 3066 1736 3134 de
1762 3065 1906 3158 originis
1935 3065 2066 3134 scilicet

441 3206 538 3293 loco,
562 3217 675 3276 utrum
693 3208 855 3276 videlicet
872 3211 967 3277 nervi
988 3232 1008 3275 a
1025 3208 1168 3298 posticis
1189 3230 1231 3274 nn
1251 3205 1294 3272 ab
1313 3207 1435 3274 anticis
1461 3206 1631 3275 medullae
1649 3207 1789 3298 spinalis
1810 3215 1844 3275 et
1862 3205 2067 3297 oblongata'e

443 3347 553 3437 virgis
570 3347 741 3438 originem
761 3346 896 3415 ducant.
954 3347 1069 3434 Atque
1086 3344 1213 3415 dehac
1231 3348 1429 3434 quaestione
1451 3349 1497 3414 ita
1516 3371 1635 3441 agam,
1659 3359 1697 3417 ut
1716 3348 1812 3417 etde
1830 3350 1943 3417 nervis
1957 3370 2066 3440 gene-

443 3486 561 3554 raliter
581 3492 615 3551 et
633 3485 811 3575 speciatim
832 3485 876 3552 de
895 3484 1060 3576 singulis,
1086 3505 1171 3573 quos
1192 3483 1358 3555 hactenns
1381 3489 1565 3574 nominavi,
1592 3491 1704 3557 nervis
1727 3489 1915 3580 disputem,
1941 3510 2067 3575 enque,

444 3645 531 3713 quae
545 3647 648 3716 supra
664 3625 817 3692 consulto
833 3583 968 3692 silentio
986 3624 1218 3713 praetermisi,
1243 3604 1333 3693 nunc
1347 3649 1520 3716 exponam.

540 3768 724 3854 Postquam
744 3727 892 3832 Beuum
914 3775 948 3832 ct
965 3763 1171 3832 Mnaenurus
1188 3765 1386 3832 sententiam
1403 3786 1497 3832 suam
1521 3765 1566 3831 de
1587 3763 1729 3853 posticis
1751 3773 1785 3831 ct
1802 3763 1925 3832 enticis
1946 3782 2069 3832 nerso-

445 3930 520 3975 rum
535 3907 717 3997 spinalium
732 3903 910 3974 radicibus
926 3903 1165 3994 divulgarunt,
1189 3925 1269 3970 mox
1283 3901 1378 3976 idern
1396 3903 1439 3972 de
1458 3904 1603 3973 dirersis
1619 3902 1789 3971 medullae
1806 3902 1948 3992 spinalis
1962 3902 2070 3994 virgis
2134 3950 2138 3958 ·

444 4045 563 4115 sentiri
587 4053 747 4135 coeptum
768 4053 838 4129 est,
872 4064 1015 4131 quarum
1040 4011 1189 4133 posticas
1212 4065 1285 4112 csse
1303 4046 1492 4132 consiliose,
1524 4045 1653 4115 anticas
1675 4044 1837 4113 moloniae
1858 4053 2068 4114 censuerunt

445 4185 492 4256 Et
519 4183 772 4284 quodammodo
795 4183 870 4276 jam
900 4183 1108 4282 Mnounnrus
1136 4183 1226 4250 hauc
1250 4184 1329 4278 tulit
1352 4183 1569 4272 senteutiam,
1604 4183 1702 4252 nixus
1722 4184 1960 4274 experimentis
1980 4183 2071 4262 suis;

445 4351 507 4400 nec
529 4340 639 4397 tarncn
657 4325 916 4396 sensibilitatem
935 4335 969 4394 et
988 4338 1115 4396 motum
1134 4341 1274 4416 prorsus
1293 4321 1353 4387 tali
1371 4321 1474 4388 modo
1494 4330 1649 4412 separata
1670 4322 1772 4408 dicit,
1804 4332 1842 4390 ut
1868 4345 1932 4388 uon
1955 4320 2070 4388 alteris

446 4469 570 4570 harum
588 4468 760 4563 virgarum
781 4467 895 4554 aliqua
920 4467 1039 4535 soltem
1065 4487 1107 4532 ex
1126 4473 1225 4555 parte
1258 4463 1397 4530 alteram
1422 4462 1618 4531 facultatem
1648 4474 1766 4532 natura
1790 4462 1933 4530 dederit.
2001 4459 2071 4546 Qui

449 4633 526 4681 eunr
541 4611 674 4697 sequuti
689 4619 766 4680 suut
791 4609 835 4677 de
852 4609 918 4678 lrnc
938 4631 976 4675 rc
993 4607 1078 4696 quid
1092 4593 1345 4676 sentirent'no'u
1368 4605 1468 4696 plane
1491 4606 1671 4675 edixerunt
1696 4613 1831 4696 praeter
1854 4603 2069 4685 Brenn-rnna,

450 4751 509 4838 qui
535 4747 629 4817 illam
653 4747 815 4816 rationem
834 4757 940 4816 totam
972 4746 1017 4814 ad
1042 4747 1159 4838 virgas
1187 4766 1323 4834 quoque
1349 4745 1545 4846 translatam
1579 4743 1817 4842 experimentis
1844 4743 2071 4833 comprobare

450 4847 588 4959 studuit
620 4929 669 4942 -
706 4889 812 4957 Forte
827 4887 962 4992 fortuna
977 4889 1126 4972 accidit,
1161 4898 1198 4952 ut
1216 4910 1257 4954 eo
1272 4887 1348 4976 ipso
1364 4897 1538 4980 tempore,
1565 4885 1709 4993 quoboc
1731 4883 1938 4970 scriberem,
1964 4907 2068 4974 expe·

453 5029 605 5095 rimentis
632 5031 830 5120 permultis,
868 5049 955 5116 quae
975 5048 1076 5116 quam
1094 5024 1361 5118 prudentissime
1381 5025 1446 5093 Vir
1461 5025 1621 5118 juvenis,
1656 5024 1742 5093 milri
1762 5022 2003 5108 amicissimus,
2027 5041 2068 5090 eo

482 5267 533 5334 lt)
549 5265 591 5319 Gl.
606 5281 689 5332 supra
703 5265 726 5330 S
741 5265 784 5320 1s.
