4672 6172
1848 615 1900 690 55

264 831 344 883 cum
359 809 436 902 pari
458 805 568 904 Vago
588 809 695 897 inita,
725 805 765 878 id
786 807 898 898 affici,
929 818 968 878 ut
989 815 1145 880 octavum
1163 827 1227 899 pur
1246 805 1294 898 (i.
1309 829 1338 878 a.
1361 803 1516 904 Vagus)
1537 809 1772 884 involuntariis
1786 814 1897 884 actio-

267 950 369 1020 nibus
391 949 491 1042 fungi
508 956 632 1042 portet
681 949 729 1017 At
745 949 904 1018 Wrnursrr
921 948 1085 1018 sententia
1102 946 1187 1016 huic
1206 947 1374 1017 contraria
1393 957 1453 1018 est
1510 949 1547 1020 ls
1561 950 1653 1020 anim
1672 953 1825 1041 censuit,
1849 955 1899 1024 ita

268 1109 342 1158 essa
366 1099 483 1158 natura
501 1095 757 1179 comparatum,
782 1109 849 1156 uon
866 1094 905 1154 nt
918 1095 1076 1154 octavum
1095 1110 1160 1180 par
1178 1085 1389 1162 Accessorii
1405 1113 1491 1184 ope,
1523 1095 1585 1162 sad
1607 1103 1644 1162 ut
1659 1091 1898 1168 Accessorius

267 1230 378 1298 octavi
399 1227 493 1320 paris
511 1249 578 1319 ope
602 1227 671 1296 illis
695 1225 932 1296 involuntariis
959 1225 1153 1296 actionibus
1181 1227 1280 1320 iungi
1304 1238 1430 1321 posset.
1489 1231 1565 1300 Nec
1586 1230 1706 1303 vidore
1725 1232 1808 1304 licet
1828 1256 1897 1324 quo

266 1367 409 1436 Sennea
430 1366 467 1435 in
486 1365 581 1437 hunc
600 1387 751 1436 errorem
772 1365 934 1434 inductus
957 1365 1021 1451 sit,
1057 1364 1122 1435 uisi
1142 1366 1260 1435 verbis
1279 1367 1350 1436 illis
1373 1366 1549 1437 Wrutrsn:
1583 1382 1653 1456 „ut
1677 1391 1807 1442 nervus
1830 1373 1898 1444 iste

266 1501 419 1598 spinalis
434 1507 474 1574 in
489 1505 598 1599 puris
618 1501 721 1599 Vagi
735 1516 863 1599 partes
880 1515 916 1573 et
932 1500 1041 1592 τάξιν
1061 1505 1213 1592 ascitus,
1237 1499 1450 1599 fimetionis
1472 1520 1610 1578 tuntum
1629 1505 1898 1582 involuntariae

267 1657 369 1716 actius
383 1640 613 1741 perficeret.’'
661 1645 823 1714 Fortasse
849 1643 941 1714 enim
965 1645 1014 1712 ita
1038 1645 1281 1736 interpretatus
1306 1653 1356 1716 ert
1385 1645 1529 1716 verbum
1554 1643 1765 1743 perficeret,
1800 1649 1898 1738 quasi

268 1785 430 1854 voluisset
449 1785 634 1853 Wrnmsrus
652 1783 823 1876 intelligi,
855 1779 1111 1854 Accessorium
1139 1783 1175 1853 in
1202 1783 1272 1856 illis
1293 1785 1388 1876 paris
1416 1782 1518 1882 Vegi
1539 1787 1696 1878 partibus
1721 1797 1755 1856 et
1775 1787 1897 1877 τάξει,

273 1923 317 2000 V
310 1947 383 2022 ugo
399 1925 597 1994 laenitatem
613 1923 766 2026 tribucre
787 1923 851 1992 has
868 1923 1111 1993 involuntariae
1127 1924 1278 1994 actiones
1293 1924 1483 2012 subeundi,
1505 1945 1584 1995 cunr
1599 1935 1711 1996 tamen
1728 1951 1783 2016 ea,
1809 1951 1899 2017 quaa

268 2065 392 2134 ceteris
407 2064 493 2134 locis
513 2064 698 2134 wunnerus
714 2062 890 2156 exposuit,
914 2062 997 2134 eatis
1016 2062 1186 2150 indicent,
1216 2083 1284 2131 non
1305 2061 1351 2132 tle
1372 2060 1504 2160 Vago‚
1528 2065 1590 2135 sed
1612 2065 1658 2136 da
1676 2063 1897 2138 Accessoric

269 2225 347 2274 eum
372 2204 549 2292 loquutum
575 2223 657 2274 esse.

367 2343 607 2429 Vanussvnrus,
632 2342 692 2432 qui
708 2341 865 2434 proxima
881 2364 903 2412 a
919 2340 1089 2410 Wrnnrsro
1108 2337 1154 2408 de
1170 2339 1346 2412 iunctione
1364 2338 1572 2414 Acceasorii
1586 2343 1787 2413 sententiam
1802 2344 1898 2432 tulit,

270 2483 320 2552 nil
340 2501 480 2573 prorsus
499 2502 520 2547 a
536 2481 703 2548 Wrumsro
720 2477 888 2550 discessit
913 2513 962 2530 -
987 2477 1197 2547 vinnm
1216 2477 1413 2568 opinionem
1428 2479 1505 2573 jam
1525 2501 1629 2571 supra
1649 2482 1809 2572 exposui,
1836 2481 1898 2571 qui

270 2620 422 2690 radicem
439 2616 650 2691 Accessortt
676 2639 809 2688 ramum
826 2615 1032 2686 existimavit
1046 2635 1119 2686 essa
1143 2611 1181 2684 V
1180 2617 1246 2711 agi
1270 2615 1318 2685 ad
1341 2619 1527 2690 medullam
1548 2620 1715 2712 spinalem
1739 2622 1899 2708 missum

271 2782 374 2850 quam
394 2760 594 2852 opinionem
610 2757 684 2851 jam
698 2757 841 2828 Sennea
858 2765 897 2828 ut
914 2756 1066 2848 ineptum
1084 2755 1257 2826 refutavit

367 2899 442 2968 Etsi
456 2898 616 2970 ernsu
634 2897 818 2970 auctoritas
832 2897 869 2966 in
887 2917 1040 2983 cauum,
1063 2915 1126 2966 cur
1140 2891 1383 2968 Accessorius
1400 2903 1470 2966 ιιιιι
1486 2897 1699 2992 singularam
1716 2898 1899 2970 decursum

270 3038 435 3128 haberet,
466 3041 657 3112 accuratius
678 3029 917 3130 inquirendam
939 3035 1120 3128 impellere
1141 3033 1283 3123 debuit,
1308 3058 1407 3107 nemo
1427 3045 1539 3108 umen
1563 3047 1716 3110 vetorum
1734 3039 1898 3112 anatomi-
1958 3099 1960 3106 .

270 3199 388 3250 corum
411 3178 587 3250 inhaere
607 3179 759 3250 studium
775 3197 986 3270 operamque
1005 3174 1140 3268 posuit,
1175 3173 1238 3243 sad
1265 3174 1311 3244 ad
1330 3197 1437 3246 unum
1457 3197 1574 3248 omues
1595 3177 1746 3248 contenti
1763 3177 1900 3249 luerunt

271 3317 417 3404 (locare,
451 3319 658 3388 motionibus
682 3318 914 3388 musculorum
938 3315 1084 3386 cervicis
1109 3333 1186 3382 aum
1216 3335 1386 3404 praeesse.
1421 3351 1470 3368 —
1516 3313 1667 3384 Hannon
1692 3301 1729 3406 4)
1758 3317 1902 3388 miratur

270 3464 420 3542 unium,
451 3477 515 3526 cur
539 3463 659 3524 natura
685 3475 846 3541 nervum,
870 3475 974 3543 quem
995 3454 1052 3522 uni
1073 3453 1148 3522 lare
1168 3455 1323 3525 musculo
1343 3455 1591 3550 designaverit,
1627 3477 1692 3526 uon
1717 3479 1760 3527 ex
1777 3458 1901 3528 iisdem

271 3563 416 3666 cervicis
442 3593 574 3680 nervis,
605 3593 668 3662 sed
697 3592 905 3686 esingulari
933 3599 1054 3661 trunco
1078 3589 1287 3662 deduxisset
1319 3629 1365 3644 -
1400 3593 1589 3665 Mnnrrrus
1616 3587 1654 3686 5)
1682 3594 1756 3665 lere
1778 3595 1901 3666 iisdem

272 3733 388 3804 verbis
403 3735 519 3803 utitur.
568 3727 740 3820 „illinari
748 3779 758 3818 ‚
784 3731 915 3820 inquit,
939 3723 1086 3800 abunde
1102 3728 1266 3800 ¹convenit
1282 3729 1343 3800 iric
1353 3732 1482 3802 iterum
1497 3734 1536 3802 in
1550 3734 1693 3802 wicum
1709 3730 1902 3804 musaeum

271 3886 481 3964 separatum
499 3894 647 3942 nervum
661 3871 888 3940 continenter
905 3869 1114 3954 terminari,
1152 3869 1216 3966 qut
1230 3865 1340 3939 simul
1350 3871 1422 3938 iter
1435 3865 1609 3940 describit
1627 3870 1681 3938 ita
1696 3865 1902 3966 singulm,

272 4021 392 4082 ortum
410 4029 496 4080 vero
508 4005 617 4082 lrcbet
633 4003 790 4104 amplum
808 4020 842 4077 et
858 4001 1033 4104 dffusum
1056 4019 1167 4105 atquc
1177 4027 1411 4103 progressum
1426 4004 1570 4080 sibimet
1585 4005 1844 4081 constantem.”

310 4247 312 4252 ,
372 4149 583 4220 lammina
611 4138 646 4240 ⁶)
679 4149 828 4226 demumr
850 4168 968 4218 rursus
994 4146 1146 4217 studium
1176 4146 1319 4216 contulit
1347 4146 1394 4217 ad
1422 4148 1662 4240 explicandam
1693 4150 1904 4245 singularem

273 4287 485 4362 Accessorii
505 4295 541 4357 et
562 4284 665 4384 Vagi
682 4285 960 4380 conjunctionem
985 4294 1020 4356 et
1035 4285 1129 4356 illius
1150 4285 1322 4378 originem
1351 4285 1634 4380 investigandam
1692 4288 1804 4358 Acuta
1825 4289 1904 4378 qui·

275 4427 415 4498 demde
432 4435 578 4516 unaque
597 4449 635 4494 re
651 4425 818 4518 conjecit,
842 4424 905 4495 setl
919 4427 1086 4496 sententia
1104 4425 1179 4520 ejus
1196 4426 1406 4528 obscuritate
1422 4427 1570 4516 quadam
1586 4427 1738 4514 laborat,
1760 4437 1800 4496 ut
1817 4429 1904 4518 quid

276 4567 350 4657 ipse
365 4567 528 4653 voluerit,
551 4563 647 4635 haud
660 4564 764 4634 facile
775 4563 996 4657 intelligatur.
1045 4564 1098 4635 Ac
1115 4565 1265 4656 primum
1278 4565 1420 4654 quidem
1434 4575 1551 4659 putat,
1572 4587 1651 4637 cum
1667 4563 1905 4640 Accessortus

275 4701 443 4774 nobiliora
459 4705 600 4775 minime
613 4704 726 4774 adiret
741 4702 834 4789 loca,
869 4702 951 4792 quin
971 4702 1111 4796 longius
1129 4701 1190 4774 hic
1214 4725 1401 4790 moremur,
1426 4725 1494 4775 uon
1515 4703 1729 4798 suppeditari
1755 4706 1904 4776 occasio·

278 4865 365 4914 nem.
412 4843 567 4931 Deinda;
592 4840 712 4934 „Cum
731 4855 869 4930 antem,
893 4841 1022 4933 inquit,
1048 4837 1216 4915 noscatis
1233 4841 1365 4938 capitis
1385 4837 1626 4930 creatoribus,
1650 4837 1906 4941 scapulamqne

322 5083 355 5150 i)
371 5083 487 5138 linum
502 5083 521 5134 l.
538 5083 557 5136 Ι.
573 5101 599 5151 p.
616 5083 677 5138 tet.

324 5191 356 5258 5)
373 5193 488 5246 Mnmn
503 5192 522 5245 l.
538 5192 557 5245 Ι.
574 5208 601 5260 p.
617 5191 679 5245 tto.

325 5297 357 5364 li)
373 5299 508 5353 bonum
525 5297 544 5352 l.
560 5297 579 5351 l.
598 5315 625 5366 p.
641 5295 687 5350 85.
