4672 6172
1866 555 1917 630 15

287 753 456 849 quaedam
489 751 619 846 majora
650 751 757 846 hujus
788 753 908 824 clauis
939 753 1100 824 anlmdia
1130 759 1268 838 nactus,
1318 772 1452 821 summo
1482 751 1614 846 gaudio
1649 751 1791 824 allectus
1821 775 1914 839 sum,

285 916 364 966 cunr
394 896 428 963 in
454 894 613 986 plurimis
636 893 772 962 radices
796 889 1007 964 Accesserat
1035 890 1158 959 eodem
1180 888 1305 974 modo,
1335 911 1404 978 qno
1427 888 1581 959 Borsnns
1604 912 1661 960 eas
1683 891 1719 959 in
1740 892 1914 962 testudine

286 1053 454 1122 europaeo
482 1031 685 1123 descripsit,
720 1038 932 1122 comparatas
953 1029 1165 1120 reperissent.
1228 1025 1315 1096 Cum
1347 1027 1382 1096 in
1405 1027 1462 1096 luis
1489 1026 1677 1119 majoribus
1709 1017 1914 1099 animalibus

284 1168 396 1258 qualis
409 1165 647 1240 Accessorius
661 1176 750 1238 esset
768 1167 948 1253 vidissem,
972 1167 1074 1236 etiam
1089 1165 1125 1232 in
1140 1163 1574 1263 minoribnsqnibusdam,
1598 1165 1786 1235 radiculam
1800 1167 1914 1259 Vagi,

285 1307 499 1394 aliquatenus
527 1305 716 1376 secundum
741 1305 928 1374 medullam
957 1303 1179 1396 oblongatam
1209 1301 1466 1390 decurrentem,
1506 1281 1686 1394 conspexi,
1720 1325 1808 1392 qnae
1839 1325 1915 1373 mea

285 1442 426 1530 quidem
447 1443 612 1512 sententia
629 1440 841 1513 Accessorii
856 1441 966 1510 radici
983 1439 1177 1532 respondet
1231 1439 1303 1510 Sed
1328 1441 1363 1509 in
1377 1439 1434 1510 his
1453 1441 1643 1511 minoribus
1660 1442 1796 1529 bestiis,
1826 1463 1915 1532 qnae

284 1581 378 1672 apud
394 1603 455 1652 nos
474 1583 613 1666 vivunt,
646 1583 713 1650 hae
730 1592 846 1674 pentes
864 1591 933 1650 tam
952 1602 1078 1671 parvae
1095 1587 1193 1664 sunt,
1218 1588 1257 1647 ut
1275 1579 1361 1648 certi
1380 1579 1465 1669 qnid
1481 1579 1652 1651 affirmare
1675 1603 1742 1650 non
1759 1581 1914 1652 audeam.

208 1713 213 1726 '
284 1718 444 1790 Ceterum
459 1719 546 1790 baec
565 1701 777 1791 Accesscrii
794 1721 893 1788 radix
910 1718 1086 1788 simillima
1102 1714 1259 1808 catejas,
1292 1738 1394 1804 quam
1415 1718 1450 1786 in
1469 1716 1584 1786 avium
1606 1718 1714 1787 classe
1731 1717 1915 1810 conspexi-

285 1877 370 1926 mus.
431 1853 554 1924 Oritur
581 1856 746 1934 nimirum
765 1857 799 1926 in
824 1855 968 1949 regione
992 1853 1097 1946 primi
1123 1861 1183 1921 aut
1206 1854 1347 1922 secundi
1369 1856 1466 1922 nervi
1491 1855 1710 1925 cervicalium
1738 1877 1805 1924 non
1826 1857 1915 1926 inter

284 1997 408 2088 lrornm
424 2019 605 2066 nervorum
625 1996 761 2066 radices
785 1998 973 2066 anteriores
989 2004 1027 2064 'et
1044 1993 1270 2086 posteriores,
1303 1993 1366 2061 sed
1390 2015 1494 2085 supra
1513 2016 1572 2064 eos
1598 2015 1798 2086 asuprema
1816 2004 1916 2086 parte

284 2136 455 2206 medullae
470 2135 613 2227 spinalis
633 2144 669 2205 et
686 2136 905 2229 oblongatae.
954 2135 1069 2224 Atque
1099 2133 1236 2200 Boiano
1262 2143 1400 2200 auctore
1427 2133 1515 2202 haec
1538 2134 1573 2201 in
1601 2128 1794 2202 Testudinc
1811 2154 1916 2203 euro-

280 2295 379 2366 paeo
395 2275 469 2367 pari
488 2275 592 2345 modo
609 2284 804 2366 comparata
820 2297 893 2346 esse
907 2273 1131 2345 vehementer
1146 2273 1286 2364 gavisus
1299 2293 1395 2354 sum;
1420 2271 1494 2340 vidi
1512 2274 1602 2342 enirn
1617 2294 1727 2343 meam
1742 2274 1788 2344 de
1801 2275 1915 2356 avium

286 2433 424 2501 quoque
440 2409 662 2482 Accessorio
681 2412 881 2482 sententiam
898 2413 1043 2505 egregie
1059 2410 1301 2480 confirmatam.

331 2525 339 2532 “
380 2548 453 2617 Sed
467 2547 543 2640 jam
560 2545 836 2632 Accae-soriam,
861 2548 998 2638 qualem
1013 2549 1049 2616 in
1065 2548 1255 2642 majoribus
1272 2550 1453 2640 reptilibus
1471 2551 1600 2641 inveni,
1627 2552 1830 2622 describam.
1883 2577 1891 2592 ·

381 2688 429 2757 Et
440 2687 591 2778 primurn
606 2685 747 2776 quidem
762 2687 879 2756 inveni
894 2683 969 2776 ejus
986 2685 1140 2754 radicem
1154 2688 1188 2754 in
1199 2686 1346 2778 juvenili
1365 2684 1561 2759 Crocodilo
1573 2685 1742 2785 Sclerope
1758 2652 1914 2781 (1ιίιῖ

283 2825 444 2919 Fig.1.),
478 2849 580 2917 quem
598 2850 727 2898 summa
745 2827 987 2915 Τιιιιῐ-ιιιιιιιι,
1013 2828 1091 2898 Viri
1107 2827 1175 2914 ill.,
1200 2825 1439 2898 benevolentia
1460 2827 1548 2898 milri
1573 2828 1618 2898 ad
1643 2831 1915 2922 praeparandum

283 2965 524 3056 suppeditavit
586 2963 709 3035 Oritur
736 2976 849 3034 autem
877 2964 1089 3038 Accessorii
1112 2965 1213 3035 radix
1245 2967 1318 3057 (1)
1352 2968 1387 3037 in
1417 2931 1485 3038 bac
1506 2969 1615 3038 bestia
1640 2991 1743 3061 supra
1765 2969 1915 3062 primurn

284 3126 426 3175 nervum
446 3103 650 3174 cervicalem
675 3106 846 3197 apostica
867 3115 966 3197 parte
987 3105 1161 3174 medullae
1185 3106 1346 3195 spinalis,
1379 3114 1414 3175 et
1435 3107 1603 3176 nonnullis
1617 3108 1785 3180 radiculis
1803 3131 1823 3176 ι
1841 3131 1915 3178 rne-

285 3241 380 3310 dulla
394 3243 579 3336 oblongata
592 3245 760 3334 acceptis,
783 3263 860 3312 cum
884 3246 989 3338 cho
1009 3241 1078 3333 (2)
1096 3245 1185 3312 intra
1203 3245 1355 3314 foramen
1375 3245 1525 3314 lacerum
1545 3246 1708 3334 nectitur,
1745 3257 1779 3315 et
1803 3248 1853 3316 uti
1879 3248 1915 3316 in

283 3379 404 3450 avibus
429 3380 463 3448 in
486 3403 590 3450 uuum
611 3400 751 3448 nervum
775 3381 854 3447 coit
909 3383 1033 3474 Vagus
1051 3392 1164 3450 autem
1181 3383 1270 3450 intra
1286 3382 1437 3453 lorumen
1453 3385 1604 3452 lacerum
1620 3385 1654 3454 in
1671 3386 1837 3480 ganglion
1855 3385 1914 3478 (3)

282 3528 336 3588 ιιι
348 3540 510 3612 magnum
529 3517 740 3604 intumescit,
777 3539 819 3586 ex
835 3515 935 3607 cujas
955 3526 1053 3608 parte
1070 3523 1240 3611 superiori
1264 3521 1332 3590 duo
1349 3522 1436 3590 rami
1458 3531 1579 3592 exeunt
1599 3520 1647 3614 (4
1662 3533 1697 3592 et
1711 3521 1777 3613 5),
1810 3543 1913 3614 quos,

284 3679 353 3744 quo
374 3655 538 3739 tendant,
572 3656 707 3742 nescio,
741 3653 821 3744 quia
840 3656 875 3724 in
892 3653 1088 3724 auferendis
1110 3660 1244 3729 ossibus
1261 3659 1528 3751 abrumpebant;
1561 3661 1657 3748 qnod
1675 3661 1721 3728 ad
1742 3661 1914 3754 originem

285 3803 319 3862 et
350 3795 577 3863 directionem
603 3817 720 3863 eorum
749 3801 898 3883 spectat,
931 3794 1142 3884 respondent
1168 3795 1193 3862 ii
1227 3817 1321 3864 ramo
1348 3797 1533 3865 auriculari
1560 3799 1677 3891 Vagi,
1711 3799 1771 3886 qni
1800 3806 1851 3866 est
1878 3799 1915 3867 iu

283 3932 513 4000 mammalinm
539 3930 752 4021 corporibus.
809 3928 905 3996 lnlra
933 3939 1045 3996 autern
1071 3929 1139 4000 hoc
1165 3931 1333 4025 gangllon
1370 3936 1494 4030 Vagus
1517 3933 1554 4001 in
1579 3945 1724 4022 quatuor
1746 3935 1915 4006 dividitur

283 4092 403 4142 ramos.
467 4070 604 4138 Primus
623 4068 692 4160 (6)
713 4069 759 4138 ad
777 4069 932 4162 linguam
953 4091 990 4138 se
1010 4069 1161 4150 confert;
1195 4069 1364 4139 secundus
1383 4069 1454 4161 (7)
1473 4071 1518 4138 nd
1536 4073 1707 4142 musculos
1724 4073 1914 4164 profundos
1952 4099 1960 4111 ι

283 4210 421 4301 spinac3
445 4207 566 4276 tertius
585 4205 654 4297 (8)
677 4229 755 4276 mox
771 4207 894 4276 iterum
912 4207 948 4274 in
969 4205 1055 4276 duos
1077 4175 1188 4277 ramos
1207 4207 1393 4294 dividitur,
1427 4179 1572 4297 quorum
1587 4211 1674 4280 alter
1687 4209 1757 4301 (ll)
1776 4233 1914 4300 quoqne

283 4349 326 4418 ad
345 4348 500 4440 lingnam
516 4344 644 4430 tendit,
669 4345 755 4412 alter
775 4346 857 4435 (10)
876 4345 909 4414 in
927 4346 1017 4416 collo
1037 4345 1200 4414 decurrit
1248 4346 1397 4433 Quartus
1414 4345 1564 4437 denique
1583 4368 1694 4416 ramus
1716 4350 1815 4444 Vagi
1830 4345 1912 4439 (11)

284 4489 318 4556 in
338 4488 424 4556 duas
443 4508 579 4576 quoque
597 4507 634 4554 se
652 4483 780 4552 dividit
796 4493 928 4575 partes,
964 4506 1107 4573 quarum
1128 4484 1233 4552 altera
1255 4482 1347 4574 (12)
1378 4484 1423 4553 ad
1442 4487 1615 4555 musculos
1633 4484 1805 4576 hyoideos
1827 4509 1912 4577 pro·

284 4623 467 4710 ficiscitur,
497 4624 603 4692 altera
626 4620 719 4715 (13)
744 4621 932 4722 secundnm
958 4621 1085 4690 collum
1110 4624 1298 4693 descendit.
1367 4625 1499 4694 Nervos
1526 4599 1914 4726 Glossopbcryngeum

285 4769 319 4828 et
331 4755 602 4855 Hypoglossum
620 4783 685 4831 non
702 4759 783 4828 ridi.

381 4898 422 4966 ln
453 4895 597 4992 Iguana
623 4895 886 4970 dedoctissima
915 4899 1026 4990 (Tab.
1049 4899 1090 4968 V.
1118 4898 1197 5000 Εἰς.
1213 4897 1302 4990 11),
1350 4920 1453 4990 quam
1482 4901 1640 4995 ejusdem
1670 4899 1912 4990 mommo,

284 5035 362 5105 viri
387 5037 455 5121 ill,
494 5035 729 5105 benevolentia
765 5038 905 5128 accepi,
940 5036 1153 5109 Accessorii
1180 5037 1279 5106 radix
1315 5036 1385 5131 (1)
1415 5038 1525 5106 oritur
1559 5039 1609 5107 uti
1643 5039 1678 5108 in
1714 5035 1911 5112 crocodilo
1992 5023 2002 5044 ’

283 5177 459 5266 paululum
484 5175 572 5243 inlra
605 5184 638 5243 et
664 5196 767 5270 snpra
796 5177 945 5269 primurn
977 5197 1119 5247 nervum
1143 5175 1346 5244 cervicalem
1378 5197 1399 5244 a
1422 5195 1582 5267 suprema
1608 5186 1708 5271 parte
1740 5179 1912 5249 medullae
