4672 6172
1215 832 1250 931 ς.
1298 834 1334 906 o.

557 1003 640 1072 Jnm
668 1002 755 1070 iutra
782 999 936 1070 cranium
964 1019 1144 1089 supremae
1165 997 1300 1067 radices
1325 1007 1360 1068 et
1386 1001 1464 1091 ipse
1486 1009 1627 1070 truncus
1647 997 1859 1072 Accessorii
1888 1007 1959 1070 mm
1981 1024 2092 1095 prope

461 1119 626 1213 accedunt
647 1131 845 1211 ad'radioes
869 1136 989 1234 Vagi,
1019 1148 1058 1206 nt
1085 1131 1238 1205 animum
1261 1148 1296 1207 et
1324 1140 1443 1209 oculos
1468 1139 1648 1209 intendere
1673 1139 1824 1229 debeas,
1856 1163 1898 1210 ne
1913 1132 2091 1211 amborudt
2122 1201 2130 1217 .

461 1282 595 1350 radices
622 1279 821 1348 confundas.
881 1279 1091 1365 Plerumque
1118 1272 1380 1362 Accessore'uS,
1413 1288 1450 1346 nt
1476 1301 1579 1370 supra
1598 1279 1673 1371 jam
1700 1289 1997 1350 commemoratum
2026 1291 2092 1364 est,

460 1419 632 1488 communi
652 1439 730 1486 cum
750 1412 860 1512 Vago
883 1407 989 1483 durae
1008 1415 1127 1482 matris
1144 1415 1267 1506 vagina
1288 1419 1537 1504 circumdatus,
1562 1443 1626 1510 per
1646 1390 1800 1489 foramen
1817 1420 1967 1488 lacerum
1989 1443 2092 1514 egre-

461 1561 564 1628 ditur.
624 1557 695 1626 Sed
719 1567 832 1626 tamen
861 1558 896 1650 in
917 1556 1016 1624 vituli
1044 1555 1259 1642 aliorumque
1288 1560 1485 1628 animalium
1511 1559 1699 1650 capitibus,
1733 1559 1913 1628 observavi
1931 1584 2009 1629 eum
2029 1583 2092 1652 per

460 1698 672 1790 peculiarem
686 1695 856 1785 quandam
871 1653 978 1764 durae
994 1695 1113 1763 matris
1133 1705 1328 1785 aperturam
1344 1698 1554 1788 pervadere,
1580 1699 1626 1766 ita
1641 1697 1802 1802 quidem,
1821 1706 1860 1765 ut
1872 1704 1982 1765 totum
1999 1695 2092 1767 lora-

425 1845 428 1850 '
462 1859 538 1906 men
557 1837 706 1904 lacerum
727 1841 888 1923 tanquam
905 1835 1037 1924 pariete
1055 1834 1266 1924 intergerivo
1289 1835 1568 1923 membranaceo,
1602 1835 1662 1924 qui
1686 1844 1802 1936 ,tamen
1829 1857 1993 1904 summam
2016 1846 2092 1905 tan-

461 1973 638 2043 tummodo
659 1967 754 2042 oraim
768 1972 942 2040 foraminis
962 1971 1117 2067 attingit,
1143 1969 1180 2036 iu
1202 1969 1288 2038 duas
1304 1981 1419 2063 partes
1436 1947 1633 2042 dividatur..
1668 1922 1767 2044 lddm
1785 1973 1995 2043 Lousrsmus
2018 1959 2091 2064 ⁴⁰),

461 2113 648 2182 Mnnmrns
669 2085 726 2201 41]Ι
744 2088 778 2180 et
797 2096 927 2223 Boreo
943 2099 1002 2200 44ἵ)
1023 2110 1255 2179 observarunt.
1304 2110 1382 2190 Alii
1396 2119 1510 2180 autem
1533 2112 1735 2199 anatomici,
1758 2121 1796 2181 ut
1812 2111 1973 2200 Scauro,
1997 2113 2091 2181 86η-

460 2275 645 2322 nsnrrcrus
663 2252 751 2321 illud
769 2275 907 2341 quoque
925 2252 1164 2336 observarunt,
1189 2246 1445 2319 Aocessorium
1468 2275 1532 2319 non
1549 2253 1658 2320 solum
1677 2275 1744 2343 per
1757 2252 1966 2344 peculiarem
1986 2253 2093 2321 durae

450 2353 579 2459 ⁸matris
594 2399 807 2481 aperturam,
839 2389 904 2457 sed
921 2390 1023 2457 etiam
1038 2411 1102 2479 per
1115 2389 1291 2480 peculiare
1309 2390 1415 2459 cranii
1442 2390 1595 2461 foramen
1617 2391 1760 2484 egredi3
1793 2391 1981 2479 quodcum
2002 2393 2093 2459 acci·

462 2532 578 2617 deret,
617 2527 873 2603 Accessorium
894 2539 988 2597 extra
1007 2529 1162 2610 cranium
1184 2531 1297 2599 statim
1321 2527 1432 2626 Vago
1457 2501 1657 2618 iuliaerere,
1692 2540 1726 2600 et
1747 2555 1849 2620 quum
1873 2531 1976 2623 paulo
2003 2531 2092 2599 infra

462 2656 676 2768 describam,
701 2667 925 2738 anastomosin
945 2669 1063 2754 obire,
1088 2668 1266 2761 affirmem
1315 2671 1354 2736 ln
1372 2669 1538 2736 toramine
1554 2640 1669 2738 lacero
1687 2670 1763 2761 ipso
1781 2672 1944 2741 cohaeret
1960 2671 2094 2744 Acces-

461 2808 584 2877 sorius
607 2783 685 2875 cum
707 2801 837 2903 Vago,
869 2805 932 2874 sed
951 2815 1063 2874 tamen
1082 2808 1150 2872 tela
1169 2807 1405 2875 tantummodo
1422 2807 1586 2875 cellulosa
1606 2787 1685 2876 cum
1703 2831 1744 2876 eo
1761 2807 2091 2910 conjunctus',·qnin

461 2945 627 3038 ganglion
649 2940 694 3012 V
686 2947 768 3041 agi,
793 2944 959 3034 quodibi
979 2952 1048 3030 est,
1073 2944 1185 3012 intret

559 3085 660 3155 Licet
677 3084 747 3153 boc
773 3082 875 3179 Vagi
890 3085 1054 3176 ganglion
1070 3085 1253 3152 Annonnus
1278 3072 1352 3173 43),
1385 3083 1450 3151 Vir
1466 3083 1692 3169 clarissimus,
1724 3086 1760 3153 in
1780 3084 1872 3153 libro
1898 3088 2093 3177 nuperrime

337 3233 340 3241 ’
465 3222 577 3308 edito,
609 3230 679 3288 tam
704 3223 849 3313 egregie
872 3221 1114 3307 illustraverit,
1147 3231 1285 3309 tamque
1306 3221 1461 3326 perfecte
1487 3230 1522 3290 et
1543 3223 1683 3313 copiose
1708 3223 1949 3324 descripserit,
1982 3235 2020 3292 ut
2041 3225 2094 3292 nil

463 3362 541 3430 novi
569 3359 702 3429 dehac
728 3382 767 3429 re
792 3359 916 3429 afferre
945 3361 1093 3450 possim,
1126 3370 1253 3448 tamen,
1288 3382 1367 3430 cunr
1389 3362 1426 3431 id
1448 3362 1562 3454 ipsum
1581 3364 1747 3456 ganglion
1771 3363 1816 3431 ad
1835 3363 2094 3457 intelkendam

433 3490 439 3503 ’
459 3499 740 3591 physiologicam
762 3494 807 3566 V
800 3499 867 3594 agi
881 3497 1050 3567 rationem
1069 3489 1208 3568 maximi
1222 3503 1383 3571 momenti
1407 3501 1469 3590 sit,
1495 3526 1560 3572 non
1576 3503 1839 3595 inopportunum
1857 3505 1923 3572 erit
1943 3474 2094 3573 breviter

465 3641 554 3709 illud
571 3639 789 3727 describere,
808 3647 867 3708 aut
891 3639 1006 3730 potius
1033 3659 1122 3726 quae
1144 3641 1179 3706 in
1204 3638 1295 3708 libro
1323 3641 1428 3707 modo
1449 3640 1588 3709 laudato
1609 3642 1783 3711 uberrime
1799 3651 1881 3712 sunt
1907 3644 2094 3734 explicata,

462 3783 497 3850 in
522 3781 698 3875 angustius
723 3787 895 3850 contracta
920 3779 1071 3864 referre,
1108 3779 1310 3869 praesertim
1335 3799 1414 3848 cum
1439 3778 1477 3846 id
1502 3778 1663 3876 ganglion
1690 3780 1878 3850 etiamnunc
1903 3804 2025 3872 parum
2050 3783 2094 3851 sit

465 3923 653 4013 cognitum.
2096 3889 2097 3892 Ἴ

562 4061 762 4145 Annonnns,
804 4058 868 4126 vir
905 4059 966 4144 cl.,
1010 4065 1142 4143 monet,
1162 4129 1163 4132 ,
1184 4057 1253 4126 lroc
1273 4055 1454 4148 'ganglion
1495 4055 1552 4122 uni
1589 4052 1867 4124 Eunsnmuusno
1902 4067 1982 4127 ente
2017 4082 2095 4127 enm

464 4209 580 4266 notum
597 4196 719 4280 luisse,
746 4203 780 4263 et
791 4169 873 4287 jure
892 4195 1032 4262 miratur
1052 4195 1098 4261 ita
1120 4193 1292 4281 evenisse,
1323 4158 1404 4262 cunr
1419 4193 1512 4262 illius
1528 4192 1636 4284 ipsius
1655 4195 1791 4288 ganglii
1811 4196 2010 4266 inveniendi
2031 4222 2094 4267 non

465 4340 513 4403 ita
544 4357 667 4426 magua
697 4331 801 4400 luerit
831 4330 1028 4401 difficultas.
1103 4331 1175 4401 Sed
1203 4333 1269 4402 nisi
1296 4333 1408 4403 omnia
1431 4354 1486 4403 me
1507 4311 1654 4420 faliunt,
1693 4333 1769 4427 jam
1793 4335 2004 4407 Lonmmms
2041 4325 2095 4426 4⁴)

497 4572 546 4638 to)
562 4573 696 4630 bonrum
713 4571 770 4624 l.l.
794 4587 821 4638 p.
838 4566 883 4621 82.
908 4569 987 4634 „Per
1010 4585 1152 4624 commuue
1176 4569 1286 4639 qnideui
1311 4585 1376 4624 cunr
1397 4571 1450 4624 boo
1473 4573 1535 4640 pnrl
1558 4575 1692 4628 toramine
1716 4588 1732 4624 c
1757 4572 1850 4624 neoto
1874 4572 2031 4642 egrodltur,
2055 4576 2095 4630 its

563 4667 670 4725 tumen,
694 4666 727 4713 ut
748 4659 777 4712 in
793 4660 874 4714 initio
891 4660 991 4730 ungine
1007 4662 1123 4726 quadum
1144 4677 1162 4714 n
1177 4663 1247 4714 dnru
1263 4665 1352 4714 metro
1365 4657 1498 4716 'mutuntu
1519 4662 1687 4722 includetur,
1710 4658 1755 4711 eui
1771 4659 1871 4712 ultimn
1886 4661 1940 4712 duo
1956 4660 2095 4720 lilumontu

561 4747 653 4806 boteri
669 4749 744 4818 puris
762 4750 923 4817 quaudoque
937 4749 1025 4802 adbuc
1042 4751 1168 4806 recedere
1184 4749 1333 4803 ddimw

497 4854 1193 4927 41)n1mrm1.upltn.„reummcumnoc
1209 4862 1305 4912 ontnro
1321 4875 1386 4928 puro
1401 4875 1542 4930 egres-m
1557 4859 1632 4912 intrn
1646 4859 1768 4912 lorum
1784 4858 1922 4926 hesron,
1937 4860 1979 4916 iu
1993 4867 2037 4914 ut
2053 4879 2094 4915 „-

564 4945 708 5016 pirutnm,
725 4950 757 4998 ut
773 4944 934 4997 distinctum
950 4946 1073 4999 toramen
1089 4945 1117 4998 in
1134 4946 1203 4998 dura
1219 4952 1307 5000 matre
1323 4948 1361 5000 sit
1378 4950 1568 5012 observatum,
1586 4962 1636 5016 pro
1652 4947 1802 5001 nooesson'o
1819 4949 1979 5004 Wmnrru.”

498 5056 548 5122 42)
564 5057 660 5112 Bonus
674 5057 730 5109 l.l.
750 5073 776 5125 p.
791 5053 854 5109 362.
880 5057 942 5120 „ce
964 5055 1027 5108 neri
1045 5061 1089 5108 est
1105 5056 1220 5112 d'sbcrd
1244 5060 1341 5126 separe
1363 5058 1396 5110 de
1418 5059 1488 5112 doux
1504 5058 1620 5112 condona
1641 5057 1674 5112 de
1690 5057 1718 5110 lu
1734 5057 1869 5112 buitibnre
1885 5059 1961 5128 pulre
1984 5075 2033 5126 pur
2060 5078 2094 5113 un

566 5144 669 5196 cloison
686 5144 907 5200 urenrbraneun'⁸

499 5249 549 5316 4⁸)
565 5250 615 5304 Fu
630 5251 744 5304 ezrom
760 5253 815 5310 brt
831 5252 968 5321 xopftbril
985 5255 1029 5310 oco
1047 5255 1210 5324 vegetation
1228 5255 1493 5324 llmrnsdcltrmt
1510 5270 1536 5322 p.
1554 5252 1615 5308 lon.
1647 5256 1797 5326 {adbellare
1817 5227 1893 5310 lect.

499 5356 549 5424 44)
565 5359 699 5413 bonrum
715 5359 735 5412 1.
752 5359 772 5412 t
789 5375 815 5427 p.
832 5359 877 5414 82.
