4678 6170
261 792 429 884 imprimis
445 788 698 873 adhibuerunt,
723 807 864 870 neruum
882 785 917 854 in
932 785 1087 856 rivorum
1105 753 1299 890 animalirim
1319 781 1523 872 corporibus
1543 779 1735 860 &menandi
1755 741 1890 862 ratione

260 931 310 1002 uti
327 931 450 1021 coepit.
507 929 779 1019 inopportunum
805 926 915 1010 leret,
944 925 973 992 si
991 921 1203 994 notissimum
1226 929 1259 995 et
1280 922 1355 1012 ipsa
1382 943 1450 1011 qua
1469 919 1652 1000 ridebatur
1678 921 1825 1001 novitate
1853 929 1891 1000 et

260 1068 424 1140 facilitate
444 1065 719 1144 commendatum
741 1063 863 1137 snm
884 1071 1033 1153 systema
1061 1059 1220 1150 pluribus
1245 1058 1305 1132 bic
1327 1081 1541 1150 exponerem.
1598 1059 1709 1133 Nemo
1732 1059 1888 1152 ignorat,

261 1229 357 1293 eum,
392 1227 471 1276 oum
492 1203 704 1276 observasset
725 1209 862 1296 praeter
883 1221 1025 1286 nervos,
1057 1197 1118 1286 qni
1139 1197 1308 1266 communi
1329 1195 1546 1276 sensibilitati
1567 1205 1601 1266 et
1620 1195 1760 1268 motioni
1785 1219 1889 1288 prae--¹

260 1356 390 1433 essent,
418 1346 518 1416 etiam
539 1344 735 1428 attereres,
760 1338 898 1430 quibis
919 1337 1075 1430 artiuncti
1099 1336 1328 1428 agitarentur,
1355 1335 1488 1426 quoties
1512 1327 1696 1428 singularis
1718 1335 1889 1426 quaedam

260 1485 467 1564 sensibilitas
480 1492 538 1556 aut
551 1482 657 1557 motio
672 1481 839 1567 oriretur,
863 1489 1006 1578 cunctos
1023 1497 1145 1549 nervos
1164 1477 1198 1546 in
1216 1475 1300 1550 duas
1315 1477 1440 1554 classes
1457 1474 1633 1561 divisisse,
1658 1475 1695 1542 in
1712 1476 1890 1572 regulares

260 1629 393 1704 seilicet
410 1649 469 1697 sen
485 1626 741 1718 symmetriam,
767 1633 802 1696 ct
816 1624 850 1695 in
868 1621 1075 1715 irregulares
1089 1618 1162 1686 sive
1178 1638 1244 1696 non
1261 1616 1507 1708 symmetricos
1557 1617 1614 1686 Ad
1632 1617 1784 1708 priorem
1799 1616 1888 1689 etas-

259 1787 331 1841 rem
345 1767 519 1860 pertinent
535 1763 707 1854 medullae
720 1760 862 1854 spinalis
880 1759 976 1828 nervi
995 1767 1029 1828 et
1048 1754 1294 1848 strigonium,
1320 1754 1365 1824 ad
1384 1754 1525 1827 alteram
1541 1754 1647 1822 ceteri
1662 1773 1781 1832 omnes
1793 1753 1891 1835 nervi

261 1914 296 1976 et
316 1899 588 2000 Symparbicm,
622 1901 666 1971 de
684 1921 754 1989 quo
776 1907 888 1968 tamen
909 1895 969 1965 ille
992 1896 1213 1987 peculiariter
1232 1918 1298 1968 non
1316 1895 1398 1988 egit.
1459 1896 1558 1966 Hane
1581 1897 1722 1976 alteram
1746 1895 1891 1976 classem
2021 1871 2026 1881 ’

260 2063 377 2122 rursus
399 2043 433 2112 in
449 2042 534 2118 duas
552 2049 667 2134 partes
684 2039 819 2125 divisit,
844 2037 881 2106 in
901 2057 1044 2132 quarum
1066 2037 1209 2116 alteram
1232 2035 1348 2113 retulit
1371 2045 1510 2108 cunctos
1527 2047 1668 2122 nervos,
1693 2036 1753 2126 qui
1778 2037 1889 2128 respi-
1985 2040 1990 2046 '

259 2182 360 2252 randi
379 2181 504 2252 actioni
529 2187 745 2272 praeessent3
782 2176 1000 2268 adquorum
1023 2183 1179 2244 naturam
1200 2173 1440 2266 explicandam
1466 2175 1651 2276 praecipue
1682 2174 1742 2247 itte
1771 2193 1891 2254 curam

259 2321 419 2406 contulit,
444 2332 481 2396 ut
494 2320 685 2412 systematis
703 2318 756 2388 sui
779 2318 942 2386 rationem
960 2313 1209 2405 comprobaret
1259 2313 1315 2384 Ari
1339 2313 1403 2382 bos
1418 2333 1539 2382 nervos
1554 2311 1791 2406 respiratorios
1806 2333 1888 2402 per-
1995 2295 2000 2306 ’

259 2459 368 2536 tinent
395 2457 469 2550 eius
490 2458 655 2531 sententia
688 2457 783 2527 nervi
807 2448 992 2536 Factam,
1022 2447 1411 2548 Glossoplruryugeus‚
1440 2446 1594 2557 Vagus..
1618 2437 1891 2550 Irippoglosaus,
1925 2449 1928 2456 ’

260 2581 461 2671 Pirenidas
486 2608 522 2669 et
546 2619 649 2688 qoem
669 2597 744 2690 ipse
767 2595 902 2669 vocavit
927 2589 1205 2690 Respiratorius
1226 2601 1400 2658 externus
1418 2588 1441 2658 i.
1458 2611 1487 2658 e.
1507 2585 1707 2659 Ttoraetct
1725 2585 1891 2673 externi,

261 2739 411 2832 denique
428 2735 673 2814 Accessorius.
730 2737 822 2808 Dum
842 2732 1010 2828 cujusque
1037 2732 1162 2802 horum
1183 2707 1364 2804 nervorum
1385 2727 1454 2804 vim
1480 2747 1521 2797 ac
1544 2725 1696 2804 naturam
1724 2726 1890 2818 explicat,

261 2877 382 2966 docet,
418 2877 709 2968 quemadmodum
738 2886 772 2950 et
798 2885 1001 2948 cunctorum
1032 2881 1066 2945 et
1093 2871 1306 2966 singulorum
1331 2890 1399 2962 ope
1425 2869 1668 2946 involuntariae
1695 2866 1890 2965 respirandi

259 2983 415 3094 actiones,
431 3019 644 3106 alliciantur,
677 3017 886 3090 voluntariae
905 3025 1035 3102 autem,
1065 3036 1153 3102 quae
1174 3012 1230 3090 his
1252 3021 1365 3085 esseut
1388 3011 1587 3107 oppositae,
1621 3032 1801 3088 nervorum
1824 3031 1891 3111 ope,

260 3159 381 3230 tierent
403 3160 598 3250 spinolium.
656 3158 773 3250 Atque
793 3157 930 3228 iliorum
951 3176 1150 3242 nervorum,
1186 3154 1246 3246 qui
1271 3153 1515 3228 involuntariae
1548 3151 1763 3246 respirationi
1790 3172 1891 3246 prae-

261 3303 387 3382 essent,
410 3298 609 3386 nounullos,
631 3296 833 3398 praesertim
851 3317 932 3365 vero
955 3290 1121 3388 Vagatur,
1144 3291 1192 3360 ait
1214 3291 1344 3362 sarrire
1364 3289 1567 3384 vulgaribus
1585 3288 1818 3370 involuntariis
1838 3309 1892 3364 re·

193 3529 195 3536 y
259 3431 412 3532 spirandi
430 3434 637 3518 actionibus,
671 3432 791 3522 quales
809 3438 920 3503 essem
943 3451 1022 3498 cum
1039 3450 1158 3510 somno
1181 3440 1392 3512 teueremnr;
1430 3431 1515 3506 alios
1537 3437 1649 3507 autem
1671 3450 1793 3505 nervos
1815 3435 1891 3506 tan-

259 3594 362 3668 qnam
391 3573 438 3650 ad
466 3594 568 3665 opem
597 3571 773 3648 terendam
802 3570 873 3639 illis
903 3551 1083 3662 adjunctos
1112 3587 1206 3654 esse,
1247 3567 1278 3635 si
1308 3567 1446 3658 quando
1475 3567 1710 3659 respirationis
1743 3565 1892 3646 actiones

261 3711 476 3786 difficiliores
496 3718 554 3781 aut
569 3710 863 3793 vehementiores,
888 3707 951 3778 sed
970 3717 1081 3778 tamen
1101 3709 1349 3783 involuntariae
1369 3717 1486 3778 essent
1536 3709 1602 3776 His
1620 3707 1733 3777 nervis
1750 3704 1893 3796 opiferis

260 3847 460 3916 adnumerat
482 3858 555 3917 turn
576 3849 677 3933 alios,
708 3856 780 3915 tum
801 3849 1004 3942 praesertim
1030 3844 1309 3935 Accessorium,
1341 3848 1401 3936 qui
1429 3847 1602 3923 musculos
1628 3838 1894 3915 Sternocleidc·

259 3983 497 4059 mostcideuru
517 3997 551 4058 et
572 3987 791 4082 liopertum
808 4009 966 4074 movens,
993 3987 1164 4070 efficeret,
1189 3993 1227 4052 ut
1243 3994 1395 4056 eternum
1414 3995 1448 4054 et
1463 3985 1622 4075 scapulae
1640 3967 1893 4068 attollerentur,

260 4149 371 4216 eoque
391 4126 514 4196 thorax
538 4127 756 4216 dilataretur,
792 4136 826 4197 et
843 4127 1010 4218 siquando
1032 4125 1214 4218 respiratio
1231 4125 1468 4195 vehementior
1496 4133 1553 4192 aut
1579 4123 1756 4194 difficilior
1777 4123 1893 4206 fieret,

259 4267 394 4360 vulgari
412 4265 627 4360 respirationi
648 4267 907 4339 involuntariam
924 4289 1026 4360 opem
1045 4267 1159 4336 terret.
1209 4267 1320 4336 Porro
1337 4265 1404 4351 ait,
1429 4285 1547 4333 omnes
1567 4263 1632 4342 bos
1655 4263 1893 4366 respirotorios

260 4427 382 4482 nervos
401 4407 573 4500 originem
594 4405 722 4476 ducere
743 4429 764 4478 a
783 4408 949 4500 singulari
969 4407 1141 4484 medullae
1156 4405 1299 4500 spinalis
1319 4415 1355 4475 et
1370 4405 1578 4498 oblongatae
1600 4403 1718 4499 virga,
1743 4405 1778 4470 in
1795 4400 1894 4495 cujus

262 4542 407 4613 decursu
435 4545 499 4614 sita
526 4553 636 4616 essent
666 4544 762 4613 initia
794 4540 1043 4638 Respiratorr'i
1070 4547 1235 4634 externi,
1271 4544 1464 4632 Pbrem'cr',
1501 4544 1731 4630 Accessorii,
1774 4539 1817 4612 V
1811 4543 1894 4638 ogi,

264 4677 607 4784 Glossopharyngei
626 4696 660 4756 et
677 4682 862 4774 Facialis,
900 4697 934 4755 et
951 4687 1017 4758 bac
1035 4685 1181 4782 originis
1201 4683 1442 4754 commuuione
1464 4683 1652 4769 existimat,
1687 4682 1808 4750 miram
1827 4680 1896 4748 ori·

260 4821 397 4915 ginem,
428 4821 610 4894 decursum
640 4833 675 4896 et
699 4823 971 4917 conjunctionem
997 4822 1211 4898 Accerserit
1238 4827 1319 4895 satis
1346 4845 1419 4893 esse
1444 4824 1617 4904 illustrata.
1675 4822 1792 4890 Verba
1818 4820 1894 4914 ejus

261 4959 348 5030 baec
366 4969 460 5030 sunt:
482 5011 503 5049 „
517 4963 604 5035 Tris
622 4985 748 5054 nerve,
776 4966 904 5056 inquit,
929 4967 1049 5037 arises
1056 4963 1168 5066 from
1187 4965 1248 5042 tle
1266 4988 1368 5038 same
1383 4961 1525 5039 column
1541 4961 1632 5037 wirto
1653 4961 1713 5042 tlte
1731 4963 1892 5060 respira·

261 5103 338 5172 tion
351 5121 479 5172 nervos
485 5124 499 5185 ,·
524 5103 551 5171 it
567 5100 667 5173 tales
679 5127 705 5173 a
720 5119 813 5176 most
831 5109 1002 5177 intricate
1017 5103 1096 5176 ond
1108 5107 1329 5175 circouitous
1340 5124 1502 5200 passage
1516 5093 1668 5196 tosorur
1687 5124 1711 5170 α
1721 5101 1892 5202 junction

261 5239 353 5310 with
381 5239 442 5312 rlre
463 5261 591 5312 nervos
616 5241 715 5312 wiolr
738 5265 799 5314 we
822 5240 979 5315 sedowd
1001 5258 1038 5315 ro
1063 5238 1194 5336 belong
1218 5255 1255 5310 to
1280 5237 1497 5324 charoleos,
1531 5242 1561 5311 r't
1579 5237 1692 5311 sends
1712 5236 1893 5311 branchos
