4672 6172
459 1377 1594 1614 -uuuuouuouuo

238 2111 241 2116 ,
278 1931 450 2133 Saepe
484 2010 682 2102 miratus
718 2041 847 2123 sum,
895 2015 976 2132 qul
1015 2009 1192 2102 sactum
1228 2012 1307 2122 sit,
1353 2031 1407 2102 ut
1434 2010 1776 2103 dissertationes
1805 2041 1900 2103 me-

278 2175 430 2290 dicae,
476 2177 591 2270 olim
627 2179 780 2273 sontes
815 2180 1082 2306 saepissime
1116 2181 1227 2271 artis
1262 2199 1309 2271 et
1341 2179 1562 2271 scientiae
1597 2198 1802 2290 nostrae,
1848 2209 1903 2268 ex

264 2346 450 2468 quibus
469 2350 610 2442 etiam
632 2382 764 2442 nunc
788 2349 968 2442 hauriri
991 2371 1166 2475 posset,
1205 2349 1374 2442 nostris
1399 2349 1563 2441 diebus
1590 2348 1651 2441 ab
1677 2347 1902 2441 omnibus

278 2518 371 2608 fere
403 2517 568 2642 frigido
597 2497 759 2610 animo
789 2538 1056 2610 contemtae
1080 2519 1304 2644 jacerent.
1388 2516 1533 2644 Cujus
1561 2519 1625 2610 rei
1651 2516 1776 2608 hanc
1806 2516 1899 2608 vidi

278 2716 466 2778 causam
485 2717 582 2779 esse
598 2687 920 2813 praecipuam,
959 2690 1088 2812 quod
1108 2688 1160 2801 ii,
1199 2683 1280 2809 qui
1300 2651 1673 2822 adscribendam
1694 2685 1903 2776 dissertass

277 2855 459 2948 tionem
480 2857 539 2949 de
558 2891 609 2950 re
627 2859 810 2950 medica
837 2892 936 2953 sese
961 2859 1248 2970 conferrent,
1285 2854 1397 2945 talia
1425 2855 1513 2946 sibi
1542 2875 1805 2971 sumerent,
1843 2855 1903 2946 ad

278 3057 399 3147 quae
426 3026 513 3118 rite
538 3029 888 3153 pertractanda,
933 3025 1083 3120 multo
1110 3025 1430 3148 diuturnaque
1457 3025 1761 3152 experientia,
1809 3055 1903 3147 qua

276 3194 558 3320 plerumque
575 3220 803 3315 carerent,
829 3172 1156 3321 reduireretur.
1233 3195 1410 3290 Contra
1428 3195 1631 3322 majores
1649 3195 1821 3310 nostri,
1849 3226 1902 3287 ea
2026 3311 2029 3314 Ι

236 3404 243 3421 ·
278 3367 528 3487 dequibus
548 3367 892 3459 dissertationes
909 3367 1126 3491 scripturi
1148 3389 1301 3483 erant,
1321 3400 1376 3459 ex
1395 3366 1634 3460 anatomia
1653 3365 1702 3459 et
1719 3365 1905 3496 physio·
1965 3497 1969 3506 Ι

276 3533 399 3662 logia
415 3555 574 3662 petere
593 3533 829 3642 solebant;
857 3566 1062 3657 quarum
1080 3535 1253 3626 ortium
1270 3558 1424 3661 partes
1442 3533 1673 3663 singulae,
1691 3536 1905 3660 quamvis

277 3705 626 3830 angustioribus
644 3703 1017 3830 circumscriptae
1036 3699 1234 3820 finibus,
1253 3706 1542 3799 uberrimam
1563 3728 1611 3816 et
1627 3707 1686 3799 ad
1702 3706 1906 3800 scriben-

279 3874 393 3965 dum
420 3877 554 3968 etad
582 3874 1054 4002 experimentandum
1080 3873 1327 3967 materiam
1352 3873 1595 4001 praebent.
1671 3873 1907 3990 Quocirca

280 4042 327 4134 id
348 4073 494 4170 genus
511 4049 579 4136 e'st
596 4047 660 4136 ita
680 4064 1029 4172 comparatum,
1046 4062 1100 4135 ut
1119 4043 1261 4136 etiam
1280 4043 1351 4134 vir
1368 4043 1570 4168 juvenis,
1589 4041 1721 4170 cujus
1743 4044 1906 4170 exigua

279 4233 349 4304 est
365 4211 670 4338 experientia,
699 4212 962 4307 dummodo
980 4209 1058 4304 illc
1077 4243 1238 4304 euram
1258 4211 1646 4342 diligentiamque
1664 4195 1918 4326 adhibeat,
2042 4304 2047 4310 .

278 4379 410 4478 facile
436 4382 501 4473 ita
530 4381 580 4474 in
609 4413 663 4472 eo
691 4383 837 4506 possit
864 4353 1124 4498 elaborare,
1158 4405 1213 4476 ut
1232 4415 1373 4510 opera
1400 4382 1498 4509 ejus
1525 4381 1598 4474 vel
1626 4380 1782 4473 doctis·
1798 4377 1906 4471 viris

276 4551 515 4676 probetur.
584 4548 886 4678 Quapropter
904 4584 1013 4644 eum
1033 4552 1246 4676 primum
1264 4550 1390 4643 hano
1407 4548 1778 4643 dissertationem
1800 4550 1907 4642 scri-

276 4720 389 4814 bere
414 4721 576 4834 statui,
623 4720 890 4812 anatomiae
917 4741 964 4812 et
987 4717 1329 4847 physiologiae,
1369 4742 1465 4816 tam
1492 4721 1730 4813 humanae
1761 4751 1906 4845 quam

278 4911 574 5014 comparatae
595 4923 817 5017 campum
835 4889 1116 4984 latissimum
1132 4887 1428 5017 perlustravi,
1454 4921 1573 4983 num
1593 4889 1709 5012 quid
1728 4887 1907 4983 inveni-

278 5090 401 5172 rem,
418 5059 548 5181 quod
562 5080 610 5149 et
621 5059 788 5152 virium
803 5091 1018 5155 mearum
1033 5059 1251 5153 tenuitati
1269 5058 1561 5174 conveniret,
1579 5090 1667 5151 nec
1681 5057 1741 5150 ad
1756 5057 1905 5188 ipsam
1983 5044 1988 5054 ’

279 5227 525 5322 scientiam
545 5228 610 5320 rei
630 5231 838 5324 medicae
856 5228 1031 5324 nullius
1049 5249 1167 5324 esset
1181 5223 1428 5324 momenti.
1514 5228 1679 5353 ltaque
1695 5229 1835 5326 Viros
1855 5229 1906 5320 in

1494 5391 1517 5460 l
