<?xml version="1.0" encoding="UTF-8"?>
<!DOCTYPE html PUBLIC "-//W3C//DTD XHTML 1.0 Transitional//EN"
    "http://www.w3.org/TR/xhtml1/DTD/xhtml1-transitional.dtd">
<html xmlns="http://www.w3.org/1999/xhtml" xml:lang="en" lang="en">
 <head>
  <title>
</title>
<meta http-equiv="Content-Type" content="text/html;charset=utf-8" />
  <meta name='ocr-system' content='tesseract 3.04.00' />
  <meta name='ocr-capabilities' content='ocr_page ocr_carea ocr_par ocr_line ocrx_word'/>
</head>
<body>
  <div class='ocr_page' id='page_1' title='image "./nerviaccessorii00biscgoog_0073.png"; bbox 0 0 4678 6170; ppageno 0'>
   <div class='ocr_carea' id='block_1_1' title="bbox 444 613 496 690">
    <p class='ocr_par' dir='ltr' id='par_1_1' title="bbox 444 613 496 690">
     <span class='ocr_line' id='line_1_1' title="bbox 444 613 496 690; baseline 0 0"><span class='ocrx_word' id='word_1_1' title='bbox 444 613 496 690; x_wconf 75' lang='lat' dir='ltr'><strong>bl</strong></span> 
     </span>
    </p>
   </div>
   <div class='ocr_carea' id='block_1_2' title="bbox 408 816 2082 1892">
    <p class='ocr_par' dir='ltr' id='par_1_2' title="bbox 408 816 2082 1892">
     <span class='ocr_line' id='line_1_2' title="bbox 444 816 2075 919; baseline 0.005 -30"><span class='ocrx_word' id='word_1_2' title='bbox 444 821 606 914; x_wconf 83' lang='lat' dir='ltr'><strong>vulgatae</strong></span> <span class='ocrx_word' id='word_1_3' title='bbox 624 817 706 906; x_wconf 88' lang='lat' dir='ltr'><strong>sint,</strong></span> <span class='ocrx_word' id='word_1_4' title='bbox 736 817 813 908; x_wconf 93' lang='lat' dir='ltr'><strong>ipse</strong></span> <span class='ocrx_word' id='word_1_5' title='bbox 829 817 991 888; x_wconf 88' lang='lat' dir='ltr'><strong>emendet</strong></span> <span class='ocrx_word' id='word_1_6' title='bbox 1012 825 1071 886; x_wconf 89' lang='lat' dir='ltr'><strong>aut</strong></span> <span class='ocrx_word' id='word_1_7' title='bbox 1092 816 1247 902; x_wconf 81' lang='lat' dir='ltr'><strong>refellat,</strong></span> <span class='ocrx_word' id='word_1_8' title='bbox 1280 823 1484 914; x_wconf 89' lang='lat' dir='ltr'><strong>praesertim</strong></span> <span class='ocrx_word' id='word_1_9' title='bbox 1504 823 1534 894; x_wconf 94' lang='lat' dir='ltr'><strong>si</strong></span> <span class='ocrx_word' id='word_1_10' title='bbox 1553 823 1782 918; x_wconf 70' lang='lat' dir='ltr'>argumentis,</span> <span class='ocrx_word' id='word_1_11' title='bbox 1820 844 1909 914; x_wconf 88' lang='lat' dir='ltr'><strong>quae</strong></span> <span class='ocrx_word' id='word_1_12' title='bbox 1927 821 1971 894; x_wconf 90' lang='lat' dir='ltr'><strong>ab</strong></span> <span class='ocrx_word' id='word_1_13' title='bbox 1991 824 2075 919; x_wconf 87' lang='lat' dir='ltr'><strong>ipsis</strong></span> 
     </span>
     <span class='ocr_line' id='line_1_3' title="bbox 445 955 2077 1057; baseline 0.007 -33"><span class='ocrx_word' id='word_1_14' title='bbox 445 957 551 1028; x_wconf 88' lang='lat' dir='ltr'><strong>rebus</strong></span> <span class='ocrx_word' id='word_1_15' title='bbox 566 963 746 1048; x_wconf 92' lang='lat' dir='ltr'><strong>petuntur,</strong></span> <span class='ocrx_word' id='word_1_16' title='bbox 773 977 988 1045; x_wconf 91' lang='lat' dir='ltr'><strong>quorumque</strong></span> <span class='ocrx_word' id='word_1_17' title='bbox 1004 955 1130 1025; x_wconf 82' lang='lat' dir='ltr'><strong>veritas</strong></span> <span class='ocrx_word' id='word_1_18' title='bbox 1145 955 1191 1024; x_wconf 90' lang='lat' dir='ltr'><strong>ob</strong></span> <span class='ocrx_word' id='word_1_19' title='bbox 1207 955 1246 1025; x_wconf 96' lang='lat' dir='ltr'><strong>id</strong></span> <span class='ocrx_word' id='word_1_20' title='bbox 1266 959 1379 1052; x_wconf 83' lang='lat' dir='ltr'><strong>ipsum</strong></span> <span class='ocrx_word' id='word_1_21' title='bbox 1402 959 1600 1031; x_wconf 82' lang='lat' dir='ltr'><strong>addubitari</strong></span> <span class='ocrx_word' id='word_1_22' title='bbox 1618 985 1685 1032; x_wconf 91' lang='lat' dir='ltr'><strong>non</strong></span> <span class='ocrx_word' id='word_1_23' title='bbox 1703 969 1836 1054; x_wconf 88' lang='lat' dir='ltr'><strong>potest,</strong></span> <span class='ocrx_word' id='word_1_24' title='bbox 1860 961 2077 1057; x_wconf 84' lang='lat' dir='ltr'><strong>conjecturas</strong></span> 
     </span>
     <span class='ocr_line' id='line_1_4' title="bbox 408 1096 2082 1192; baseline 0.004 -24"><span class='ocrx_word' id='word_1_25' title='bbox 408 1141 411 1150; x_wconf 70' lang='lat'><strong>,</strong></span> <span class='ocrx_word' id='word_1_26' title='bbox 447 1099 591 1168; x_wconf 89' lang='lat' dir='ltr'><strong>aliorum</strong></span> <span class='ocrx_word' id='word_1_27' title='bbox 616 1097 953 1186; x_wconf 88' lang='lat' dir='ltr'><strong>constructionesqne</strong></span> <span class='ocrx_word' id='word_1_28' title='bbox 974 1096 1082 1166; x_wconf 85' lang='lat' dir='ltr'><strong>asela</strong></span> <span class='ocrx_word' id='word_1_29' title='bbox 1098 1097 1308 1190; x_wconf 72' lang='lat' dir='ltr'><strong>cogitatione</strong></span> <span class='ocrx_word' id='word_1_30' title='bbox 1323 1111 1420 1192; x_wconf 89' lang='lat' dir='ltr'><strong>aptas</strong></span> <span class='ocrx_word' id='word_1_31' title='bbox 1439 1101 1589 1171; x_wconf 77' lang='lat' dir='ltr'><strong>refutare</strong></span> <span class='ocrx_word' id='word_1_32' title='bbox 1614 1110 1737 1190; x_wconf 89' lang='lat' dir='ltr'><strong>queat;</strong></span> <span class='ocrx_word' id='word_1_33' title='bbox 1768 1109 1896 1189; x_wconf 75' lang='lat' dir='ltr'><strong>umen,</strong></span> <span class='ocrx_word' id='word_1_34' title='bbox 1920 1111 1959 1172; x_wconf 90' lang='lat' dir='ltr'><strong>nt</strong></span> <span class='ocrx_word' id='word_1_35' title='bbox 1982 1127 2082 1175; x_wconf 93' lang='lat' dir='ltr'><strong>mon·</strong></span> 
     </span>
     <span class='ocr_line' id='line_1_5' title="bbox 442 1236 2078 1332; baseline 0.005 -24"><span class='ocrx_word' id='word_1_36' title='bbox 442 1246 547 1308; x_wconf 89' lang='lat' dir='ltr'><strong>strem</strong></span> <span class='ocrx_word' id='word_1_37' title='bbox 565 1259 620 1308; x_wconf 90' lang='lat' dir='ltr'><strong>me</strong></span> <span class='ocrx_word' id='word_1_38' title='bbox 643 1259 710 1306; x_wconf 93' lang='lat' dir='ltr'><strong>non</strong></span> <span class='ocrx_word' id='word_1_39' title='bbox 726 1236 854 1330; x_wconf 87' lang='lat' dir='ltr'><strong>injuria</strong></span> <span class='ocrx_word' id='word_1_40' title='bbox 876 1237 924 1306; x_wconf 89' lang='lat' dir='ltr'><strong>ad</strong></span> <span class='ocrx_word' id='word_1_41' title='bbox 942 1237 1034 1307; x_wconf 90' lang='lat' dir='ltr'><strong>banc</strong></span> <span class='ocrx_word' id='word_1_42' title='bbox 1054 1257 1127 1306; x_wconf 94' lang='lat' dir='ltr'><strong>rem</strong></span> <span class='ocrx_word' id='word_1_43' title='bbox 1142 1237 1357 1307; x_wconf 90' lang='lat' dir='ltr'><strong>tractandam</strong></span> <span class='ocrx_word' id='word_1_44' title='bbox 1376 1259 1583 1332; x_wconf 87' lang='lat' dir='ltr'><strong>aggressum</strong></span> <span class='ocrx_word' id='word_1_45' title='bbox 1601 1259 1695 1326; x_wconf 86' lang='lat' dir='ltr'><strong>esse,</strong></span> <span class='ocrx_word' id='word_1_46' title='bbox 1726 1261 1794 1309; x_wconf 88' lang='lat' dir='ltr'><strong>aon</strong></span> <span class='ocrx_word' id='word_1_47' title='bbox 1808 1239 2078 1332; x_wconf 90' lang='lat' dir='ltr'><strong>inopportunum</strong></span> 
     </span>
     <span class='ocr_line' id='line_1_6' title="bbox 443 1374 2081 1482; baseline 0.004 -36"><span class='ocrx_word' id='word_1_48' title='bbox 443 1376 688 1482; x_wconf 78' lang='lat' dir='ltr'><strong>mibividetur</strong></span> <span class='ocrx_word' id='word_1_49' title='bbox 705 1376 904 1464; x_wconf 88' lang='lat' dir='ltr'><strong>ostendere,</strong></span> <span class='ocrx_word' id='word_1_50' title='bbox 934 1399 991 1464; x_wconf 89' lang='lat' dir='ltr'><strong>ea,</strong></span> <span class='ocrx_word' id='word_1_51' title='bbox 1023 1399 1112 1466; x_wconf 88' lang='lat' dir='ltr'><strong>quae</strong></span> <span class='ocrx_word' id='word_1_52' title='bbox 1128 1375 1309 1465; x_wconf 85' lang='lat' dir='ltr'><strong>bucusque</strong></span> <span class='ocrx_word' id='word_1_53' title='bbox 1328 1375 1509 1446; x_wconf 74' lang='lat' dir='ltr'><strong>anatomici</strong></span> <span class='ocrx_word' id='word_1_54' title='bbox 1530 1386 1564 1446; x_wconf 89' lang='lat' dir='ltr'><strong>et</strong></span> <span class='ocrx_word' id='word_1_55' title='bbox 1581 1377 1783 1470; x_wconf 82' lang='lat' dir='ltr'><strong>physiologi</strong></span> <span class='ocrx_word' id='word_1_56' title='bbox 1806 1377 1853 1446; x_wconf 90' lang='lat' dir='ltr'><strong>de</strong></span> <span class='ocrx_word' id='word_1_57' title='bbox 1868 1374 2081 1454; x_wconf 73' lang='lat' dir='ltr'><strong>Accerserit</strong></span> 
     </span>
     <span class='ocr_line' id='line_1_7' title="bbox 441 1514 2080 1609; baseline 0.002 -23"><span class='ocrx_word' id='word_1_58' title='bbox 441 1517 618 1587; x_wconf 83' lang='lat' dir='ltr'><strong>iunctione</strong></span> <span class='ocrx_word' id='word_1_59' title='bbox 631 1518 761 1607; x_wconf 92' lang='lat' dir='ltr'><strong>opinati</strong></span> <span class='ocrx_word' id='word_1_60' title='bbox 775 1516 859 1603; x_wconf 91' lang='lat' dir='ltr'><strong>sint,</strong></span> <span class='ocrx_word' id='word_1_61' title='bbox 892 1525 950 1585; x_wconf 89' lang='lat' dir='ltr'><strong>aut</strong></span> <span class='ocrx_word' id='word_1_62' title='bbox 969 1537 1110 1609; x_wconf 88' lang='lat' dir='ltr'><strong>prorsus</strong></span> <span class='ocrx_word' id='word_1_63' title='bbox 1127 1515 1260 1584; x_wconf 84' lang='lat' dir='ltr'><strong>infirma</strong></span> <span class='ocrx_word' id='word_1_64' title='bbox 1273 1535 1366 1600; x_wconf 88' lang='lat' dir='ltr'><strong>essa,</strong></span> <span class='ocrx_word' id='word_1_65' title='bbox 1390 1522 1449 1583; x_wconf 88' lang='lat' dir='ltr'><strong>aut</strong></span> <span class='ocrx_word' id='word_1_66' title='bbox 1467 1514 1604 1583; x_wconf 88' lang='lat' dir='ltr'><strong>adrem</strong></span> <span class='ocrx_word' id='word_1_67' title='bbox 1623 1524 1782 1585; x_wconf 88' lang='lat' dir='ltr'><strong>accurate</strong></span> <span class='ocrx_word' id='word_1_68' title='bbox 1796 1517 2003 1608; x_wconf 90' lang='lat' dir='ltr'><strong>penitusque</strong></span> <span class='ocrx_word' id='word_1_69' title='bbox 2019 1543 2080 1590; x_wconf 84' lang='lat' dir='ltr'><strong>ex·</strong></span> 
     </span>
     <span class='ocr_line' id='line_1_8' title="bbox 441 1651 2079 1749; baseline 0.004 -27"><span class='ocrx_word' id='word_1_70' title='bbox 441 1653 638 1747; x_wconf 88' lang='lat' dir='ltr'><strong>plicandam</strong></span> <span class='ocrx_word' id='word_1_71' title='bbox 656 1653 797 1724; x_wconf 90' lang='lat' dir='ltr'><strong>minime</strong></span> <span class='ocrx_word' id='word_1_72' title='bbox 812 1655 945 1744; x_wconf 82' lang='lat' dir='ltr'><strong>idonea</strong></span> <span class='ocrx_word' id='word_1_73' title='bbox 995 1651 1071 1725; x_wconf 90' lang='lat' dir='ltr'><strong>Nec</strong></span> <span class='ocrx_word' id='word_1_74' title='bbox 1083 1662 1196 1724; x_wconf 85' lang='lat' dir='ltr'><strong>tamen</strong></span> <span class='ocrx_word' id='word_1_75' title='bbox 1211 1653 1378 1738; x_wconf 92' lang='lat' dir='ltr'><strong>omnium,</strong></span> <span class='ocrx_word' id='word_1_76' title='bbox 1398 1653 1459 1741; x_wconf 93' lang='lat' dir='ltr'><strong>qui</strong></span> <span class='ocrx_word' id='word_1_77' title='bbox 1479 1652 1525 1722; x_wconf 88' lang='lat' dir='ltr'><strong>da</strong></span> <span class='ocrx_word' id='word_1_78' title='bbox 1540 1653 1608 1723; x_wconf 87' lang='lat' dir='ltr'><strong>bac</strong></span> <span class='ocrx_word' id='word_1_79' title='bbox 1623 1675 1662 1722; x_wconf 89' lang='lat' dir='ltr'><strong>re</strong></span> <span class='ocrx_word' id='word_1_80' title='bbox 1677 1653 1888 1746; x_wconf 89' lang='lat' dir='ltr'><strong>scripserunt</strong></span> <span class='ocrx_word' id='word_1_81' title='bbox 1902 1658 2079 1749; x_wconf 91' lang='lat' dir='ltr'><strong>opiniones</strong></span> 
     </span>
     <span class='ocr_line' id='line_1_9' title="bbox 444 1792 1959 1892; baseline 0.003 -30"><span class='ocrx_word' id='word_1_82' title='bbox 444 1795 662 1892; x_wconf 79' lang='lat' dir='ltr'><strong>examinabo,</strong></span> <span class='ocrx_word' id='word_1_83' title='bbox 686 1794 749 1864; x_wconf 90' lang='lat' dir='ltr'><strong>sed</strong></span> <span class='ocrx_word' id='word_1_84' title='bbox 766 1793 1000 1864; x_wconf 89' lang='lat' dir='ltr'><strong>tantummodo</strong></span> <span class='ocrx_word' id='word_1_85' title='bbox 1015 1815 1151 1881; x_wconf 89' lang='lat' dir='ltr'><strong>eoram,</strong></span> <span class='ocrx_word' id='word_1_86' title='bbox 1177 1793 1237 1883; x_wconf 90' lang='lat' dir='ltr'><strong>qui</strong></span> <span class='ocrx_word' id='word_1_87' title='bbox 1253 1792 1491 1863; x_wconf 87' lang='lat' dir='ltr'><strong>auctoritatem</strong></span> <span class='ocrx_word' id='word_1_88' title='bbox 1507 1793 1659 1883; x_wconf 85' lang='lat' dir='ltr'><strong>aliquam</strong></span> <span class='ocrx_word' id='word_1_89' title='bbox 1681 1803 1760 1862; x_wconf 90' lang='lat' dir='ltr'><strong>sunt</strong></span> <span class='ocrx_word' id='word_1_90' title='bbox 1778 1798 1959 1885; x_wconf 81' lang='lat' dir='ltr'><strong>assequnti.</strong></span> 
     </span>
    </p>
   </div>
   <div class='ocr_carea' id='block_1_3' title="bbox 1191 2027 1334 2137">
    <p class='ocr_par' dir='ltr' id='par_1_3' title="bbox 1191 2027 1334 2137">
     <span class='ocr_line' id='line_1_10' title="bbox 1191 2027 1334 2137; baseline 0.028 -35"><span class='ocrx_word' id='word_1_91' title='bbox 1191 2027 1227 2128; x_wconf 77' lang='lat'><strong>§-</strong></span> <span class='ocrx_word' id='word_1_92' title='bbox 1276 2030 1334 2137; x_wconf 76' lang='lat' dir='ltr'><strong>aa.</strong></span> 
     </span>
    </p>
   </div>
   <div class='ocr_carea' id='block_1_4' title="bbox 516 2205 2081 2313">
    <p class='ocr_par' dir='ltr' id='par_1_4' title="bbox 516 2205 2081 2313">
     <span class='ocr_line' id='line_1_11' title="bbox 516 2205 2081 2313; baseline -0.002 -21"><span class='ocrx_word' id='word_1_93' title='bbox 516 2221 570 2292; x_wconf 86' lang='lat' dir='ltr'><strong>Ac</strong></span> <span class='ocrx_word' id='word_1_94' title='bbox 584 2221 735 2313; x_wconf 90' lang='lat' dir='ltr'><strong>primum</strong></span> <span class='ocrx_word' id='word_1_95' title='bbox 745 2219 923 2290; x_wconf 84' lang='lat' dir='ltr'><strong>videamus</strong></span> <span class='ocrx_word' id='word_1_96' title='bbox 938 2217 1175 2304; x_wconf 83' lang='lat' dir='ltr'><strong>deWmursro,</strong></span> <span class='ocrx_word' id='word_1_97' title='bbox 1192 2237 1297 2308; x_wconf 90' lang='lat' dir='ltr'><strong>quem</strong></span> <span class='ocrx_word' id='word_1_98' title='bbox 1306 2216 1494 2311; x_wconf 86' lang='lat' dir='ltr'><strong>jamsnpra</strong></span> <span class='ocrx_word' id='word_1_99' title='bbox 1511 2216 1584 2286; x_wconf 84' lang='lat' dir='ltr'><strong>dixi</strong></span> <span class='ocrx_word' id='word_1_100' title='bbox 1595 2225 1688 2288; x_wconf 89' lang='lat' dir='ltr'><strong>recte</strong></span> <span class='ocrx_word' id='word_1_101' title='bbox 1696 2205 1926 2305; x_wconf 80' lang='lat' dir='ltr'><strong>intellexisse,</strong></span> <span class='ocrx_word' id='word_1_102' title='bbox 1946 2215 2081 2290; x_wconf 84' lang='lat' dir='ltr'><strong>Acces-</strong></span> 
     </span>
    </p>
   </div>
   <div class='ocr_carea' id='block_1_5' title="bbox 316 2356 2178 2596">
    <p class='ocr_par' dir='ltr' id='par_1_5' title="bbox 316 2356 2178 2596">
     <span class='ocr_line' id='line_1_12' title="bbox 442 2356 2178 2449; baseline -0.003 -17"><span class='ocrx_word' id='word_1_103' title='bbox 442 2360 581 2432; x_wconf 82' lang='lat' dir='ltr'><strong>sorr&#39;um</strong></span> <span class='ocrx_word' id='word_1_104' title='bbox 596 2381 664 2429; x_wconf 92' lang='lat' dir='ltr'><strong>non</strong></span> <span class='ocrx_word' id='word_1_105' title='bbox 675 2358 721 2427; x_wconf 88' lang='lat' dir='ltr'><strong>ad</strong></span> <span class='ocrx_word' id='word_1_106' title='bbox 733 2357 771 2426; x_wconf 92' lang='lat' dir='ltr'><strong>id</strong></span> <span class='ocrx_word' id='word_1_107' title='bbox 781 2377 855 2427; x_wconf 87' lang='lat' dir='ltr'><strong>esse</strong></span> <span class='ocrx_word' id='word_1_108' title='bbox 868 2356 1094 2443; x_wconf 89' lang='lat' dir='ltr'><strong>destinatum,</strong></span> <span class='ocrx_word' id='word_1_109' title='bbox 1115 2364 1153 2424; x_wconf 91' lang='lat' dir='ltr'><strong>ut</strong></span> <span class='ocrx_word' id='word_1_110' title='bbox 1166 2356 1310 2426; x_wconf 86' lang='lat' dir='ltr'><strong>musculi</strong></span> <span class='ocrx_word' id='word_1_111' title='bbox 1320 2356 1462 2446; x_wconf 88' lang='lat' dir='ltr'><strong>quidam</strong></span> <span class='ocrx_word' id='word_1_112' title='bbox 1474 2377 1596 2426; x_wconf 85' lang='lat' dir='ltr'><strong>nervos</strong></span> <span class='ocrx_word' id='word_1_113' title='bbox 1607 2359 1821 2449; x_wconf 74' lang='lat' dir='ltr'><strong>acciperent,</strong></span> <span class='ocrx_word' id='word_1_114' title='bbox 1837 2357 1900 2426; x_wconf 88' lang='lat' dir='ltr'><strong>sed</strong></span> <span class='ocrx_word' id='word_1_115' title='bbox 1910 2380 2077 2428; x_wconf 85' lang='lat' dir='ltr'><strong>summanr</strong></span> <span class='ocrx_word' id='word_1_116' title='bbox 2175 2359 2178 2366; x_wconf 83' lang='lat'>&#39;</span> 
     </span>
     <span class='ocr_line' id='line_1_13' title="bbox 316 2463 2079 2596; baseline 0 -28"><span class='ocrx_word' id='word_1_117' title='bbox 316 2591 322 2596; x_wconf 24' lang='grc' dir='ltr'>Ι</span> <span class='ocrx_word' id='word_1_118' title='bbox 441 2463 641 2585; x_wconf 76' lang='lat' dir='ltr'><strong>functionis,</strong></span> <span class='ocrx_word' id='word_1_119' title='bbox 673 2517 777 2586; x_wconf 90' lang='lat' dir='ltr'><strong>quam</strong></span> <span class='ocrx_word' id='word_1_120' title='bbox 798 2495 949 2583; x_wconf 89' lang='lat' dir='ltr'><strong>subiret,</strong></span> <span class='ocrx_word' id='word_1_121' title='bbox 982 2493 1223 2586; x_wconf 77' lang='lat' dir='ltr'><strong>conjunctione</strong></span> <span class='ocrx_word' id='word_1_122' title='bbox 1242 2497 1317 2591; x_wconf 88' lang='lat' dir='ltr'><strong>ejus</strong></span> <span class='ocrx_word' id='word_1_123' title='bbox 1340 2519 1419 2567; x_wconf 88' lang='lat' dir='ltr'><strong>cum</strong></span> <span class='ocrx_word' id='word_1_124' title='bbox 1442 2494 1554 2595; x_wconf 81' lang='lat' dir='ltr'><strong>cho</strong></span> <span class='ocrx_word' id='word_1_125' title='bbox 1580 2500 1759 2569; x_wconf 77' lang='lat' dir='ltr'><strong>contineri.</strong></span> <span class='ocrx_word' id='word_1_126' title='bbox 1816 2499 1935 2586; x_wconf 80' lang='lat' dir='ltr'><strong>Qualis</strong></span> <span class='ocrx_word' id='word_1_127' title='bbox 1963 2508 2079 2568; x_wconf 88' lang='lat' dir='ltr'><strong>antem</strong></span> 
     </span>
    </p>
   </div>
   <div class='ocr_carea' id='block_1_6' title="bbox 441 2617 2079 3572">
    <p class='ocr_par' dir='ltr' id='par_1_6' title="bbox 441 2617 2079 3572">
     <span class='ocr_line' id='line_1_14' title="bbox 443 2617 2077 2731; baseline 0 -25"><span class='ocrx_word' id='word_1_128' title='bbox 443 2647 517 2708; x_wconf 90' lang='lat' dir='ltr'><strong>tum</strong></span> <span class='ocrx_word' id='word_1_129' title='bbox 538 2643 612 2707; x_wconf 87' lang='lat' dir='ltr'><strong>erat</strong></span> <span class='ocrx_word' id='word_1_130' title='bbox 631 2617 822 2705; x_wconf 87' lang='lat' dir='ltr'><strong>anatomias</strong></span> <span class='ocrx_word' id='word_1_131' title='bbox 843 2635 1003 2722; x_wconf 88' lang='lat' dir='ltr'><strong>scientia,</strong></span> <span class='ocrx_word' id='word_1_132' title='bbox 1042 2657 1110 2704; x_wconf 90' lang='lat' dir='ltr'><strong>non</strong></span> <span class='ocrx_word' id='word_1_133' title='bbox 1128 2635 1254 2704; x_wconf 89' lang='lat' dir='ltr'><strong>mirum</strong></span> <span class='ocrx_word' id='word_1_134' title='bbox 1272 2645 1322 2706; x_wconf 88' lang='lat' dir='ltr'><strong>est</strong></span> <span class='ocrx_word' id='word_1_135' title='bbox 1348 2635 1545 2706; x_wconf 77' lang='lat' dir='ltr'><strong>wrnnsrmr</strong></span> <span class='ocrx_word' id='word_1_136' title='bbox 1564 2661 1629 2707; x_wconf 92' lang='lat' dir='ltr'><strong>non</strong></span> <span class='ocrx_word' id='word_1_137' title='bbox 1650 2638 1887 2731; x_wconf 80' lang='lat' dir='ltr'><strong>perspexisse,</strong></span> <span class='ocrx_word' id='word_1_138' title='bbox 1921 2661 2010 2728; x_wconf 89' lang='lat' dir='ltr'><strong>quae</strong></span> <span class='ocrx_word' id='word_1_139' title='bbox 2032 2641 2077 2710; x_wconf 91' lang='lat' dir='ltr'><strong>sit</strong></span> 
     </span>
     <span class='ocr_line' id='line_1_15' title="bbox 444 2768 2075 2870; baseline -0.003 -21"><span class='ocrx_word' id='word_1_140' title='bbox 444 2774 701 2849; x_wconf 72' lang='lat' dir='ltr'><strong>Accessortum</strong></span> <span class='ocrx_word' id='word_1_141' title='bbox 715 2775 807 2844; x_wconf 89' lang='lat' dir='ltr'><strong>inter</strong></span> <span class='ocrx_word' id='word_1_142' title='bbox 829 2781 864 2842; x_wconf 94' lang='lat' dir='ltr'><strong>et</strong></span> <span class='ocrx_word' id='word_1_143' title='bbox 885 2768 1033 2870; x_wconf 74' lang='lat' dir='ltr'><strong>Vagam</strong></span> <span class='ocrx_word' id='word_1_144' title='bbox 1050 2795 1133 2844; x_wconf 83' lang='lat' dir='ltr'><strong>vera</strong></span> <span class='ocrx_word' id='word_1_145' title='bbox 1155 2772 1251 2842; x_wconf 90' lang='lat' dir='ltr'><strong>ratio.</strong></span> <span class='ocrx_word' id='word_1_146' title='bbox 1312 2771 1391 2842; x_wconf 91' lang='lat' dir='ltr'><strong>Hoc</strong></span> <span class='ocrx_word' id='word_1_147' title='bbox 1406 2774 1484 2843; x_wconf 90' lang='lat' dir='ltr'><strong>loco</strong></span> <span class='ocrx_word' id='word_1_148' title='bbox 1503 2797 1568 2842; x_wconf 93' lang='lat' dir='ltr'><strong>non</strong></span> <span class='ocrx_word' id='word_1_149' title='bbox 1587 2775 1728 2846; x_wconf 89' lang='lat' dir='ltr'><strong>uberius</strong></span> <span class='ocrx_word' id='word_1_150' title='bbox 1744 2775 1878 2863; x_wconf 88' lang='lat' dir='ltr'><strong>dicam,</strong></span> <span class='ocrx_word' id='word_1_151' title='bbox 1903 2777 1979 2869; x_wconf 88' lang='lat' dir='ltr'><strong>ejus</strong></span> <span class='ocrx_word' id='word_1_152' title='bbox 1996 2779 2075 2869; x_wconf 91' lang='lat' dir='ltr'><strong>opi·</strong></span> 
     </span>
     <span class='ocr_line' id='line_1_16' title="bbox 441 2887 2076 3010; baseline -0.002 -24"><span class='ocrx_word' id='word_1_153' title='bbox 441 2917 633 3002; x_wconf 90' lang='lat' dir='ltr'><strong>nationem,</strong></span> <span class='ocrx_word' id='word_1_154' title='bbox 672 2912 717 2983; x_wconf 92' lang='lat' dir='ltr'><em>V</em></span> <span class='ocrx_word' id='word_1_155' title='bbox 709 2887 819 3010; x_wconf 71' lang='lat' dir='ltr'><strong>egum</strong></span> <span class='ocrx_word' id='word_1_156' title='bbox 840 2913 1076 2983; x_wconf 79' lang='lat' dir='ltr'><strong>involuntariis</strong></span> <span class='ocrx_word' id='word_1_157' title='bbox 1100 2910 1332 2982; x_wconf 80' lang='lat' dir='ltr'><strong>functionibus</strong></span> <span class='ocrx_word' id='word_1_158' title='bbox 1353 2933 1534 3003; x_wconf 88' lang='lat' dir='ltr'><strong>praeesse,</strong></span> <span class='ocrx_word' id='word_1_159' title='bbox 1569 2913 1671 2982; x_wconf 91' lang='lat' dir='ltr'><strong>nullis</strong></span> <span class='ocrx_word' id='word_1_160' title='bbox 1686 2915 1897 3007; x_wconf 80' lang='lat' dir='ltr'><strong>argumentis</strong></span> <span class='ocrx_word' id='word_1_161' title='bbox 1917 2913 2076 3007; x_wconf 90' lang='lat' dir='ltr'><strong>probari,</strong></span> 
     </span>
     <span class='ocr_line' id='line_1_17' title="bbox 442 3051 2077 3149; baseline -0.002 -22"><span class='ocrx_word' id='word_1_162' title='bbox 442 3079 521 3128; x_wconf 92' lang='lat' dir='ltr'><strong>cum</strong></span> <span class='ocrx_word' id='word_1_163' title='bbox 541 3057 656 3149; x_wconf 90' lang='lat' dir='ltr'><strong>potius</strong></span> <span class='ocrx_word' id='word_1_164' title='bbox 675 3055 751 3149; x_wconf 87' lang='lat' dir='ltr'><strong>ejus</strong></span> <span class='ocrx_word' id='word_1_165' title='bbox 769 3064 931 3145; x_wconf 89' lang='lat' dir='ltr'><strong>tanquam</strong></span> <span class='ocrx_word' id='word_1_166' title='bbox 949 3053 1046 3124; x_wconf 79' lang='lat' dir='ltr'><strong>nervi</strong></span> <span class='ocrx_word' id='word_1_167' title='bbox 1066 3051 1254 3124; x_wconf 86' lang='lat' dir='ltr'><strong>cerebralis</strong></span> <span class='ocrx_word' id='word_1_168' title='bbox 1275 3059 1394 3121; x_wconf 87' lang='lat' dir='ltr'><strong>natura</strong></span> <span class='ocrx_word' id='word_1_169' title='bbox 1408 3051 1491 3121; x_wconf 89' lang='lat' dir='ltr'><strong>huic</strong></span> <span class='ocrx_word' id='word_1_170' title='bbox 1506 3053 1691 3124; x_wconf 88' lang='lat' dir='ltr'><strong>sententiae</strong></span> <span class='ocrx_word' id='word_1_171' title='bbox 1707 3055 1811 3147; x_wconf 87' lang='lat' dir='ltr'><strong>plane</strong></span> <span class='ocrx_word' id='word_1_172' title='bbox 1831 3055 2001 3127; x_wconf 87' lang='lat' dir='ltr'><strong>contraria</strong></span> <span class='ocrx_word' id='word_1_173' title='bbox 2015 3057 2077 3142; x_wconf 91' lang='lat' dir='ltr'><strong>sit,</strong></span> 
     </span>
     <span class='ocr_line' id='line_1_18' title="bbox 445 3189 2078 3288; baseline -0.002 -22"><span class='ocrx_word' id='word_1_174' title='bbox 445 3203 483 3266; x_wconf 91' lang='lat' dir='ltr'><strong>ut</strong></span> <span class='ocrx_word' id='word_1_175' title='bbox 499 3217 540 3265; x_wconf 91' lang='lat' dir='ltr'><strong>eo</strong></span> <span class='ocrx_word' id='word_1_176' title='bbox 555 3196 631 3285; x_wconf 91' lang='lat' dir='ltr'><strong>ipso</strong></span> <span class='ocrx_word' id='word_1_177' title='bbox 648 3195 766 3285; x_wconf 90' lang='lat' dir='ltr'><strong>opinio</strong></span> <span class='ocrx_word' id='word_1_178' title='bbox 783 3192 859 3284; x_wconf 87' lang='lat' dir='ltr'><strong>ejus</strong></span> <span class='ocrx_word' id='word_1_179' title='bbox 881 3217 902 3261; x_wconf 91' lang='lat' dir='ltr'><strong>a</strong></span> <span class='ocrx_word' id='word_1_180' title='bbox 929 3189 1040 3288; x_wconf 84' lang='lat' dir='ltr'><strong>Vugo</strong></span> <span class='ocrx_word' id='word_1_181' title='bbox 1065 3191 1264 3262; x_wconf 76' lang='lat' dir='ltr'><strong>facultatem</strong></span> <span class='ocrx_word' id='word_1_182' title='bbox 1278 3190 1524 3262; x_wconf 85' lang='lat' dir='ltr'><strong>involuntarias</strong></span> <span class='ocrx_word' id='word_1_183' title='bbox 1545 3191 1735 3263; x_wconf 77' lang='lat' dir='ltr'><strong>sanctiones</strong></span> <span class='ocrx_word' id='word_1_184' title='bbox 1755 3194 1926 3264; x_wconf 89' lang='lat' dir='ltr'><strong>subeundi</strong></span> <span class='ocrx_word' id='word_1_185' title='bbox 1947 3195 1984 3263; x_wconf 91' lang='lat' dir='ltr'><strong>in</strong></span> <span class='ocrx_word' id='word_1_186' title='bbox 2003 3191 2078 3265; x_wconf 87' lang='lat' dir='ltr'><strong>Ac·</strong></span> 
     </span>
     <span class='ocr_line' id='line_1_19' title="bbox 445 3323 2079 3426; baseline -0.001 -21"><span class='ocrx_word' id='word_1_187' title='bbox 445 3323 643 3405; x_wconf 76' lang='lat' dir='ltr'><strong>nestorium</strong></span> <span class='ocrx_word' id='word_1_188' title='bbox 673 3331 872 3419; x_wconf 79' lang='lat' dir='ltr'><strong>transferri,</strong></span> <span class='ocrx_word' id='word_1_189' title='bbox 906 3339 1050 3402; x_wconf 85' lang='lat' dir='ltr'><strong>corruat</strong></span> <span class='ocrx_word' id='word_1_190' title='bbox 1113 3331 1245 3399; x_wconf 86' lang='lat' dir='ltr'><strong>Verum</strong></span> <span class='ocrx_word' id='word_1_191' title='bbox 1273 3329 1362 3400; x_wconf 90' lang='lat' dir='ltr'><strong>baec</strong></span> <span class='ocrx_word' id='word_1_192' title='bbox 1386 3331 1546 3400; x_wconf 78' lang='lat' dir='ltr'><strong>wrmrsn</strong></span> <span class='ocrx_word' id='word_1_193' title='bbox 1572 3333 1741 3404; x_wconf 87' lang='lat' dir='ltr'><strong>sententia</strong></span> <span class='ocrx_word' id='word_1_194' title='bbox 1769 3334 1854 3426; x_wconf 89' lang='lat' dir='ltr'><strong>ipsis</strong></span> <span class='ocrx_word' id='word_1_195' title='bbox 1879 3333 2079 3406; x_wconf 87' lang='lat' dir='ltr'><strong>anatomicis</strong></span> 
     </span>
     <span class='ocr_line' id='line_1_20' title="bbox 443 3449 2079 3572; baseline -0.001 -27"><span class='ocrx_word' id='word_1_196' title='bbox 443 3471 656 3545; x_wconf 76' lang='lat' dir='ltr'><strong>Accessere·</strong></span> <span class='ocrx_word' id='word_1_197' title='bbox 675 3481 709 3541; x_wconf 91' lang='lat' dir='ltr'><strong>et</strong></span> <span class='ocrx_word' id='word_1_198' title='bbox 732 3467 777 3541; x_wconf 90' lang='lat' dir='ltr'><em>V</em></span> <span class='ocrx_word' id='word_1_199' title='bbox 769 3471 833 3567; x_wconf 84' lang='lat' dir='ltr'><strong>agi</strong></span> <span class='ocrx_word' id='word_1_200' title='bbox 853 3471 1041 3540; x_wconf 89' lang='lat' dir='ltr'><strong>rationibus</strong></span> <span class='ocrx_word' id='word_1_201' title='bbox 1063 3469 1293 3563; x_wconf 80' lang='lat' dir='ltr'><strong>redarguitur.</strong></span> <span class='ocrx_word' id='word_1_202' title='bbox 1351 3473 1440 3542; x_wconf 92' lang='lat' dir='ltr'><strong>Nam</strong></span> <span class='ocrx_word' id='word_1_203' title='bbox 1468 3474 1497 3543; x_wconf 89' lang='lat' dir='ltr'><strong>si</strong></span> <span class='ocrx_word' id='word_1_204' title='bbox 1525 3476 1713 3545; x_wconf 88' lang='lat' dir='ltr'><strong>secundum</strong></span> <span class='ocrx_word' id='word_1_205' title='bbox 1739 3449 1858 3548; x_wconf 84' lang='lat' dir='ltr'><strong>ornnes</strong></span> <span class='ocrx_word' id='word_1_206' title='bbox 1882 3479 1998 3572; x_wconf 85' lang='lat' dir='ltr'><strong>leges,</strong></span> <span class='ocrx_word' id='word_1_207' title='bbox 2032 3477 2079 3544; x_wconf 90' lang='lat' dir='ltr'><strong>ad</strong></span> 
     </span>
    </p>
   </div>
   <div class='ocr_carea' id='block_1_7' title="bbox 443 3603 2136 3705">
    <p class='ocr_par' dir='ltr' id='par_1_7' title="bbox 443 3603 2136 3705">
     <span class='ocr_line' id='line_1_21' title="bbox 443 3603 2136 3705; baseline -0.001 -23"><span class='ocrx_word' id='word_1_208' title='bbox 443 3635 528 3704; x_wconf 91' lang='lat' dir='ltr'><strong>quas</strong></span> <span class='ocrx_word' id='word_1_209' title='bbox 550 3613 716 3681; x_wconf 89' lang='lat' dir='ltr'><strong>rationem</strong></span> <span class='ocrx_word' id='word_1_210' title='bbox 736 3612 990 3705; x_wconf 88' lang='lat' dir='ltr'><strong>conjugationis</strong></span> <span class='ocrx_word' id='word_1_211' title='bbox 1021 3619 1056 3680; x_wconf 94' lang='lat' dir='ltr'><strong>et</strong></span> <span class='ocrx_word' id='word_1_212' title='bbox 1078 3631 1260 3678; x_wconf 90' lang='lat' dir='ltr'><strong>nervorum</strong></span> <span class='ocrx_word' id='word_1_213' title='bbox 1282 3619 1316 3676; x_wconf 91' lang='lat' dir='ltr'><strong>et</strong></span> <span class='ocrx_word' id='word_1_214' title='bbox 1336 3631 1494 3679; x_wconf 85' lang='lat' dir='ltr'><strong>vasorum</strong></span> <span class='ocrx_word' id='word_1_215' title='bbox 1517 3613 1607 3680; x_wconf 88' lang='lat' dir='ltr'><strong>inter</strong></span> <span class='ocrx_word' id='word_1_216' title='bbox 1627 3636 1664 3681; x_wconf 89' lang='lat' dir='ltr'><strong>se</strong></span> <span class='ocrx_word' id='word_1_217' title='bbox 1687 3635 1903 3697; x_wconf 84' lang='lat' dir='ltr'><strong>revocamus,</strong></span> <span class='ocrx_word' id='word_1_218' title='bbox 1937 3633 2078 3704; x_wconf 89' lang='lat' dir='ltr'><strong>prorsus</strong></span> <span class='ocrx_word' id='word_1_219' title='bbox 2131 3603 2136 3610; x_wconf 76' lang='grc'><strong>’</strong></span> 
     </span>
    </p>
   </div>
   <div class='ocr_carea' id='block_1_8' title="bbox 441 3736 2077 3848">
    <p class='ocr_par' dir='ltr' id='par_1_8' title="bbox 441 3736 2077 3848">
     <span class='ocr_line' id='line_1_22' title="bbox 441 3736 2077 3848; baseline -0.004 -24"><span class='ocrx_word' id='word_1_220' title='bbox 441 3736 623 3846; x_wconf 81' lang='lat' dir='ltr'><strong>appareat,</strong></span> <span class='ocrx_word' id='word_1_221' title='bbox 645 3761 680 3823; x_wconf 92' lang='lat' dir='ltr'><strong>et</strong></span> <span class='ocrx_word' id='word_1_222' title='bbox 700 3749 771 3844; x_wconf 83' lang='lat' dir='ltr'><strong>jam</strong></span> <span class='ocrx_word' id='word_1_223' title='bbox 789 3753 898 3822; x_wconf 92' lang='lat' dir='ltr'><strong>oculis</strong></span> <span class='ocrx_word' id='word_1_224' title='bbox 915 3759 1099 3845; x_wconf 86' lang='lat' dir='ltr'><strong>arguatur,</strong></span> <span class='ocrx_word' id='word_1_225' title='bbox 1132 3749 1177 3819; x_wconf 90' lang='lat' dir='ltr'><strong>ab</strong></span> <span class='ocrx_word' id='word_1_226' title='bbox 1199 3743 1416 3820; x_wconf 78' lang='lat' dir='ltr'><strong>Accessorio</strong></span> <span class='ocrx_word' id='word_1_227' title='bbox 1438 3773 1568 3820; x_wconf 90' lang='lat' dir='ltr'><strong>ramum</strong></span> <span class='ocrx_word' id='word_1_228' title='bbox 1588 3750 1634 3819; x_wconf 91' lang='lat' dir='ltr'><strong>ad</strong></span> <span class='ocrx_word' id='word_1_229' title='bbox 1654 3747 1700 3821; x_wconf 90' lang='lat' dir='ltr'><em>V</em></span> <span class='ocrx_word' id='word_1_230' title='bbox 1692 3773 1819 3848; x_wconf 76' lang='lat' dir='ltr'><strong>agorn,</strong></span> <span class='ocrx_word' id='word_1_231' title='bbox 1843 3773 1944 3819; x_wconf 88' lang='lat' dir='ltr'><strong>nona</strong></span> <span class='ocrx_word' id='word_1_232' title='bbox 1965 3747 2011 3821; x_wconf 87' lang='lat' dir='ltr'><em>V</em></span> <span class='ocrx_word' id='word_1_233' title='bbox 2003 3771 2077 3846; x_wconf 85' lang='lat' dir='ltr'><strong>ago</strong></span> 
     </span>
    </p>
   </div>
   <div class='ocr_carea' id='block_1_9' title="bbox 440 3885 2077 5377">
    <p class='ocr_par' dir='ltr' id='par_1_9' title="bbox 440 3885 2077 4682">
     <span class='ocr_line' id='line_1_23' title="bbox 442 3885 2077 3996; baseline -0.005 -32"><span class='ocrx_word' id='word_1_234' title='bbox 442 3896 487 3965; x_wconf 89' lang='lat' dir='ltr'><strong>ad</strong></span> <span class='ocrx_word' id='word_1_235' title='bbox 503 3893 760 3967; x_wconf 83' lang='lat' dir='ltr'><strong>Accessorium</strong></span> <span class='ocrx_word' id='word_1_236' title='bbox 783 3895 894 3978; x_wconf 87' lang='lat' dir='ltr'><strong>mitti;</strong></span> <span class='ocrx_word' id='word_1_237' title='bbox 930 3894 1012 3962; x_wconf 89' lang='lat' dir='ltr'><strong>inde</strong></span> <span class='ocrx_word' id='word_1_238' title='bbox 1034 3892 1226 3961; x_wconf 90' lang='lat' dir='ltr'><strong>necessario</strong></span> <span class='ocrx_word' id='word_1_239' title='bbox 1250 3887 1418 3976; x_wconf 88' lang='lat' dir='ltr'><strong>efficitur,</strong></span> <span class='ocrx_word' id='word_1_240' title='bbox 1450 3889 1510 3958; x_wconf 87' lang='lat' dir='ltr'><strong>illa</strong></span> <span class='ocrx_word' id='word_1_241' title='bbox 1527 3889 1769 3982; x_wconf 87' lang='lat' dir='ltr'><strong>conjunctione</strong></span> <span class='ocrx_word' id='word_1_242' title='bbox 1786 3909 1852 3956; x_wconf 91' lang='lat' dir='ltr'><strong>non</strong></span> <span class='ocrx_word' id='word_1_243' title='bbox 1877 3885 2023 3985; x_wconf 79' lang='lat' dir='ltr'><strong>Vagam</strong></span> <span class='ocrx_word' id='word_1_244' title='bbox 2041 3890 2077 3996; x_wconf 79' lang='lat' dir='ltr'><strong>in</strong></span> 
     </span>
     <span class='ocr_line' id='line_1_24' title="bbox 442 4027 2076 4126; baseline -0.006 -20"><span class='ocrx_word' id='word_1_245' title='bbox 442 4031 718 4121; x_wconf 84' lang='lat' dir='ltr'><strong>Accessorium,</strong></span> <span class='ocrx_word' id='word_1_246' title='bbox 754 4035 818 4104; x_wconf 83' lang='lat' dir='ltr'><strong>s&#39;ed</strong></span> <span class='ocrx_word' id='word_1_247' title='bbox 839 4030 1095 4104; x_wconf 79' lang='lat' dir='ltr'><strong>Accessorium</strong></span> <span class='ocrx_word' id='word_1_248' title='bbox 1115 4031 1151 4101; x_wconf 95' lang='lat' dir='ltr'><strong>in</strong></span> <span class='ocrx_word' id='word_1_249' title='bbox 1176 4027 1323 4126; x_wconf 79' lang='lat' dir='ltr'><strong>Vagam</strong></span> <span class='ocrx_word' id='word_1_250' title='bbox 1349 4031 1420 4100; x_wconf 85' lang='lat' dir='ltr'><strong>vim</strong></span> <span class='ocrx_word' id='word_1_251' title='bbox 1441 4030 1590 4118; x_wconf 89' lang='lat' dir='ltr'><strong>aliquam</strong></span> <span class='ocrx_word' id='word_1_252' title='bbox 1612 4049 1793 4114; x_wconf 85' lang='lat' dir='ltr'><strong>exercere,</strong></span> <span class='ocrx_word' id='word_1_253' title='bbox 1829 4037 1866 4098; x_wconf 89' lang='lat' dir='ltr'><strong>ut</strong></span> <span class='ocrx_word' id='word_1_254' title='bbox 1890 4028 2076 4099; x_wconf 89' lang='lat' dir='ltr'><strong>absurdum</strong></span> 
     </span>
     <span class='ocr_line' id='line_1_25' title="bbox 440 4147 2076 4269; baseline -0.004 -25"><span class='ocrx_word' id='word_1_255' title='bbox 440 4176 486 4245; x_wconf 92' lang='lat' dir='ltr'><strong>sit</strong></span> <span class='ocrx_word' id='word_1_256' title='bbox 507 4174 643 4261; x_wconf 90' lang='lat' dir='ltr'><strong>dicere,</strong></span> <span class='ocrx_word' id='word_1_257' title='bbox 678 4170 724 4241; x_wconf 91' lang='lat' dir='ltr'><em>V</em></span> <span class='ocrx_word' id='word_1_258' title='bbox 716 4195 825 4269; x_wconf 76' lang='lat' dir='ltr'><strong>egum</strong></span> <span class='ocrx_word' id='word_1_259' title='bbox 853 4172 898 4242; x_wconf 92' lang='lat' dir='ltr'><strong>de</strong></span> <span class='ocrx_word' id='word_1_260' title='bbox 922 4193 982 4242; x_wconf 91' lang='lat' dir='ltr'><strong>sua</strong></span> <span class='ocrx_word' id='word_1_261' title='bbox 1003 4181 1123 4242; x_wconf 90' lang='lat' dir='ltr'><strong>natura</strong></span> <span class='ocrx_word' id='word_1_262' title='bbox 1147 4169 1282 4262; x_wconf 89' lang='lat' dir='ltr'><strong>aliquid</strong></span> <span class='ocrx_word' id='word_1_263' title='bbox 1306 4171 1341 4236; x_wconf 92' lang='lat' dir='ltr'><strong>in</strong></span> <span class='ocrx_word' id='word_1_264' title='bbox 1366 4147 1624 4238; x_wconf 62' lang='lat' dir='ltr'><strong>Accesserant</strong></span> <span class='ocrx_word' id='word_1_265' title='bbox 1646 4169 1842 4240; x_wconf 79' lang='lat' dir='ltr'><strong>transferre.</strong></span> <span class='ocrx_word' id='word_1_266' title='bbox 1903 4171 2018 4260; x_wconf 82' lang='lat' dir='ltr'><strong>Atque</strong></span> <span class='ocrx_word' id='word_1_267' title='bbox 2038 4171 2076 4238; x_wconf 92' lang='lat' dir='ltr'><strong>id</strong></span> 
     </span>
     <span class='ocr_line' id='line_1_26' title="bbox 440 4283 2075 4408; baseline -0.002 -27"><span class='ocrx_word' id='word_1_268' title='bbox 440 4315 553 4408; x_wconf 88' lang='lat' dir='ltr'><strong>ipsam</strong></span> <span class='ocrx_word' id='word_1_269' title='bbox 568 4314 605 4382; x_wconf 92' lang='lat' dir='ltr'><strong>in</strong></span> <span class='ocrx_word' id='word_1_270' title='bbox 622 4331 724 4384; x_wconf 85' lang='lat' dir='ltr'><strong>causa</strong></span> <span class='ocrx_word' id='word_1_271' title='bbox 742 4333 880 4402; x_wconf 93' lang='lat' dir='ltr'><strong>quoque</strong></span> <span class='ocrx_word' id='word_1_272' title='bbox 896 4311 1040 4381; x_wconf 79' lang='lat' dir='ltr'><strong>fortasse</strong></span> <span class='ocrx_word' id='word_1_273' title='bbox 1059 4283 1143 4396; x_wconf 81' lang='lat' dir='ltr'><strong>fuit,</strong></span> <span class='ocrx_word' id='word_1_274' title='bbox 1175 4330 1238 4377; x_wconf 89' lang='lat' dir='ltr'><strong>cur</strong></span> <span class='ocrx_word' id='word_1_275' title='bbox 1255 4305 1416 4394; x_wconf 81' lang='lat' dir='ltr'><strong>Sesars,</strong></span> <span class='ocrx_word' id='word_1_276' title='bbox 1442 4315 1600 4398; x_wconf 90' lang='lat' dir='ltr'><strong>utsupra</strong></span> <span class='ocrx_word' id='word_1_277' title='bbox 1622 4319 1846 4379; x_wconf 89' lang='lat' dir='ltr'><strong>memoratum</strong></span> <span class='ocrx_word' id='word_1_278' title='bbox 1870 4318 1940 4394; x_wconf 90' lang='lat' dir='ltr'><strong>est,</strong></span> <span class='ocrx_word' id='word_1_279' title='bbox 1965 4309 2075 4377; x_wconf 88' lang='lat' dir='ltr'><strong>minus</strong></span> 
     </span>
     <span class='ocr_line' id='line_1_27' title="bbox 441 4447 2076 4545; baseline -0.002 -24"><span class='ocrx_word' id='word_1_280' title='bbox 441 4453 673 4545; x_wconf 87' lang='lat' dir='ltr'><strong>perspiceret,</strong></span> <span class='ocrx_word' id='word_1_281' title='bbox 698 4449 784 4541; x_wconf 92' lang='lat' dir='ltr'><strong>quid</strong></span> <span class='ocrx_word' id='word_1_282' title='bbox 801 4451 984 4526; x_wconf 79' lang='lat' dir='ltr'><strong>Wruursms</strong></span> <span class='ocrx_word' id='word_1_283' title='bbox 1011 4449 1056 4517; x_wconf 92' lang='lat' dir='ltr'><strong>de</strong></span> <span class='ocrx_word' id='word_1_284' title='bbox 1081 4447 1150 4517; x_wconf 93' lang='lat' dir='ltr'><strong>boc</strong></span> <span class='ocrx_word' id='word_1_285' title='bbox 1176 4469 1281 4516; x_wconf 87' lang='lat' dir='ltr'><strong>nervo</strong></span> <span class='ocrx_word' id='word_1_286' title='bbox 1305 4447 1469 4535; x_wconf 86' lang='lat' dir='ltr'><strong>senserit,</strong></span> <span class='ocrx_word' id='word_1_287' title='bbox 1496 4459 1530 4517; x_wconf 91' lang='lat' dir='ltr'><strong>et</strong></span> <span class='ocrx_word' id='word_1_288' title='bbox 1557 4470 1630 4518; x_wconf 91' lang='lat' dir='ltr'><strong>rem</strong></span> <span class='ocrx_word' id='word_1_289' title='bbox 1654 4449 1689 4517; x_wconf 90' lang='lat' dir='ltr'><strong>in</strong></span> <span class='ocrx_word' id='word_1_290' title='bbox 1714 4449 1916 4519; x_wconf 86' lang='lat' dir='ltr'><strong>contrariam</strong></span> <span class='ocrx_word' id='word_1_291' title='bbox 1942 4455 2076 4538; x_wconf 91' lang='lat' dir='ltr'><strong>partem</strong></span> 
     </span>
     <span class='ocr_line' id='line_1_28' title="bbox 440 4590 660 4682; baseline -0.005 -23"><span class='ocrx_word' id='word_1_292' title='bbox 440 4590 660 4682; x_wconf 82' lang='lat' dir='ltr'><strong>intelligeret</strong></span> 
     </span>
    </p>

    <p class='ocr_par' dir='ltr' id='par_1_10' title="bbox 441 4725 2076 5377">
     <span class='ocr_line' id='line_1_29' title="bbox 539 4725 2075 4822; baseline 0.001 -22"><span class='ocrx_word' id='word_1_293' title='bbox 539 4731 594 4800; x_wconf 86' lang='lat' dir='ltr'><strong>De</strong></span> <span class='ocrx_word' id='word_1_294' title='bbox 614 4729 800 4798; x_wconf 78' lang='lat' dir='ltr'><strong>lonsrnm</strong></span> <span class='ocrx_word' id='word_1_295' title='bbox 818 4727 986 4800; x_wconf 87' lang='lat' dir='ltr'><strong>sententia</strong></span> <span class='ocrx_word' id='word_1_296' title='bbox 1004 4749 1068 4796; x_wconf 91' lang='lat' dir='ltr'><strong>non</strong></span> <span class='ocrx_word' id='word_1_297' title='bbox 1089 4749 1175 4819; x_wconf 92' lang='lat' dir='ltr'><strong>opus</strong></span> <span class='ocrx_word' id='word_1_298' title='bbox 1192 4735 1243 4796; x_wconf 91' lang='lat' dir='ltr'><strong>est</strong></span> <span class='ocrx_word' id='word_1_299' title='bbox 1262 4737 1300 4798; x_wconf 92' lang='lat' dir='ltr'><strong>nt</strong></span> <span class='ocrx_word' id='word_1_300' title='bbox 1318 4729 1419 4800; x_wconf 85' lang='lat' dir='ltr'><strong>valde</strong></span> <span class='ocrx_word' id='word_1_301' title='bbox 1440 4729 1661 4820; x_wconf 86' lang='lat' dir='ltr'><strong>disputemus.</strong></span> <span class='ocrx_word' id='word_1_302' title='bbox 1723 4725 1838 4794; x_wconf 89' lang='lat' dir='ltr'><strong>Probe</strong></span> <span class='ocrx_word' id='word_1_303' title='bbox 1861 4727 2075 4822; x_wconf 86' lang='lat' dir='ltr'><strong>intelligens,</strong></span> 
     </span>
     <span class='ocr_line' id='line_1_30' title="bbox 442 4862 2075 4960; baseline 0.001 -24"><span class='ocrx_word' id='word_1_304' title='bbox 442 4891 514 4937; x_wconf 90' lang='lat' dir='ltr'><strong>rem</strong></span> <span class='ocrx_word' id='word_1_305' title='bbox 537 4893 556 4938; x_wconf 85' lang='lat' dir='ltr'><strong>a</strong></span> <span class='ocrx_word' id='word_1_306' title='bbox 575 4891 612 4939; x_wconf 91' lang='lat' dir='ltr'><strong>se</strong></span> <span class='ocrx_word' id='word_1_307' title='bbox 634 4893 700 4940; x_wconf 92' lang='lat' dir='ltr'><strong>non</strong></span> <span class='ocrx_word' id='word_1_308' title='bbox 724 4889 798 4938; x_wconf 91' lang='lat' dir='ltr'><strong>esse</strong></span> <span class='ocrx_word' id='word_1_309' title='bbox 819 4875 1054 4960; x_wconf 85' lang='lat' dir='ltr'><strong>perspectum,</strong></span> <span class='ocrx_word' id='word_1_310' title='bbox 1089 4862 1277 4934; x_wconf 89' lang='lat' dir='ltr'><strong>admodum</strong></span> <span class='ocrx_word' id='word_1_311' title='bbox 1301 4875 1400 4935; x_wconf 85' lang='lat' dir='ltr'><strong>cavet</strong></span> <span class='ocrx_word' id='word_1_312' title='bbox 1425 4866 1679 4956; x_wconf 86' lang='lat' dir='ltr'><strong>nequidquam</strong></span> <span class='ocrx_word' id='word_1_313' title='bbox 1705 4864 1885 4954; x_wconf 89' lang='lat' dir='ltr'><strong>decernat,</strong></span> <span class='ocrx_word' id='word_1_314' title='bbox 1920 4867 1982 4936; x_wconf 84' lang='lat' dir='ltr'><strong>sed</strong></span> <span class='ocrx_word' id='word_1_315' title='bbox 2002 4869 2075 4959; x_wconf 91' lang='lat' dir='ltr'><strong>ipse</strong></span> 
     </span>
     <span class='ocr_line' id='line_1_31' title="bbox 442 5000 2076 5099; baseline -0.002 -23"><span class='ocrx_word' id='word_1_316' title='bbox 442 5005 618 5096; x_wconf 90' lang='lat' dir='ltr'><strong>opiniones</strong></span> <span class='ocrx_word' id='word_1_317' title='bbox 636 5031 715 5080; x_wconf 87' lang='lat' dir='ltr'><strong>suas</strong></span> <span class='ocrx_word' id='word_1_318' title='bbox 733 5004 936 5090; x_wconf 84' lang='lat' dir='ltr'><strong>addubitat,</strong></span> <span class='ocrx_word' id='word_1_319' title='bbox 970 5003 1017 5070; x_wconf 91' lang='lat' dir='ltr'><strong>ita</strong></span> <span class='ocrx_word' id='word_1_320' title='bbox 1039 5011 1078 5070; x_wconf 92' lang='lat' dir='ltr'><strong>nt</strong></span> <span class='ocrx_word' id='word_1_321' title='bbox 1100 5000 1200 5070; x_wconf 92' lang='lat' dir='ltr'><strong>nobis</strong></span> <span class='ocrx_word' id='word_1_322' title='bbox 1225 5005 1325 5096; x_wconf 89' lang='lat' dir='ltr'><strong>copia</strong></span> <span class='ocrx_word' id='word_1_323' title='bbox 1348 5004 1574 5099; x_wconf 82' lang='lat' dir='ltr'><strong>oppugnandi</strong></span> <span class='ocrx_word' id='word_1_324' title='bbox 1600 5005 1692 5073; x_wconf 92' lang='lat' dir='ltr'><strong>nulla</strong></span> <span class='ocrx_word' id='word_1_325' title='bbox 1718 5005 1781 5091; x_wconf 93' lang='lat' dir='ltr'><strong>sit,</strong></span> <span class='ocrx_word' id='word_1_326' title='bbox 1812 5029 2016 5098; x_wconf 89' lang='lat' dir='ltr'><strong>quamquam</strong></span> <span class='ocrx_word' id='word_1_327' title='bbox 2041 5016 2076 5075; x_wconf 92' lang='lat' dir='ltr'><strong>et</strong></span> 
     </span>
     <span class='ocr_line' id='line_1_32' title="bbox 442 5139 2074 5238; baseline -0.001 -23"><span class='ocrx_word' id='word_1_328' title='bbox 442 5145 619 5238; x_wconf 88' lang='lat' dir='ltr'><strong>opiniones</strong></span> <span class='ocrx_word' id='word_1_329' title='bbox 636 5145 711 5235; x_wconf 86' lang='lat' dir='ltr'><strong>ejus</strong></span> <span class='ocrx_word' id='word_1_330' title='bbox 729 5156 763 5214; x_wconf 90' lang='lat' dir='ltr'><strong>et</strong></span> <span class='ocrx_word' id='word_1_331' title='bbox 784 5167 868 5234; x_wconf 88' lang='lat' dir='ltr'><strong>quas</strong></span> <span class='ocrx_word' id='word_1_332' title='bbox 887 5145 962 5237; x_wconf 88' lang='lat' dir='ltr'><strong>ipse</strong></span> <span class='ocrx_word' id='word_1_333' title='bbox 983 5154 1174 5213; x_wconf 87' lang='lat' dir='ltr'><strong>contraeas</strong></span> <span class='ocrx_word' id='word_1_334' title='bbox 1193 5145 1298 5213; x_wconf 91' lang='lat' dir='ltr'><strong>movit</strong></span> <span class='ocrx_word' id='word_1_335' title='bbox 1319 5145 1567 5231; x_wconf 85' lang='lat' dir='ltr'><strong>dubitationes,</strong></span> <span class='ocrx_word' id='word_1_336' title='bbox 1591 5139 1694 5212; x_wconf 81' lang='lat' dir='ltr'><strong>facile</strong></span> <span class='ocrx_word' id='word_1_337' title='bbox 1710 5153 1784 5213; x_wconf 90' lang='lat' dir='ltr'><strong>arte</strong></span> <span class='ocrx_word' id='word_1_338' title='bbox 1802 5147 1938 5234; x_wconf 90' lang='lat' dir='ltr'><strong>critica,</strong></span> <span class='ocrx_word' id='word_1_339' title='bbox 1962 5144 2074 5235; x_wconf 86' lang='lat' dir='ltr'><strong>qualis</strong></span> 
     </span>
     <span class='ocr_line' id='line_1_33' title="bbox 441 5281 2074 5377; baseline 0.001 -24"><span class='ocrx_word' id='word_1_340' title='bbox 441 5284 550 5355; x_wconf 89' lang='lat' dir='ltr'><strong>bodie</strong></span> <span class='ocrx_word' id='word_1_341' title='bbox 578 5291 649 5370; x_wconf 90' lang='lat' dir='ltr'><strong>est,</strong></span> <span class='ocrx_word' id='word_1_342' title='bbox 692 5293 896 5354; x_wconf 83' lang='lat' dir='ltr'><strong>evertuntur.</strong></span> <span class='ocrx_word' id='word_1_343' title='bbox 966 5282 1039 5353; x_wconf 87' lang='lat' dir='ltr'><strong>Sed</strong></span> <span class='ocrx_word' id='word_1_344' title='bbox 1067 5305 1146 5354; x_wconf 91' lang='lat' dir='ltr'><strong>cum</strong></span> <span class='ocrx_word' id='word_1_345' title='bbox 1171 5281 1285 5377; x_wconf 85' lang='lat' dir='ltr'><strong>magis</strong></span> <span class='ocrx_word' id='word_1_346' title='bbox 1310 5283 1413 5353; x_wconf 89' lang='lat' dir='ltr'><strong>etiam</strong></span> <span class='ocrx_word' id='word_1_347' title='bbox 1441 5291 1545 5371; x_wconf 90' lang='lat' dir='ltr'><strong>atque</strong></span> <span class='ocrx_word' id='word_1_348' title='bbox 1574 5283 1719 5369; x_wconf 89' lang='lat' dir='ltr'><strong>rectius,</strong></span> <span class='ocrx_word' id='word_1_349' title='bbox 1757 5302 1861 5374; x_wconf 87' lang='lat' dir='ltr'><strong>qnam</strong></span> <span class='ocrx_word' id='word_1_350' title='bbox 1889 5284 2074 5356; x_wconf 74' lang='lat' dir='ltr'><strong>wmarus</strong></span> 
     </span>
    </p>
   </div>
   <div class='ocr_carea' id='block_1_10' title="bbox 0 0 2344 6166">
    <p class='ocr_par' dir='ltr' id='par_1_11' title="bbox 0 0 2344 6166">
     <span class='ocr_line' id='line_1_34' title="bbox 0 0 2344 6166; baseline 0 0"><span class='ocrx_word' id='word_1_351' title='bbox 0 0 2344 6166; x_wconf 95' lang='lat' dir='ltr'><strong> </strong></span> 
     </span>
    </p>
   </div>
  </div>
 </body>
</html>
