4678 6170
1854 579 1952 653 01¹

350 747 549 858 ιΕσιιιιιιίιιι
571 780 643 878 ¹⁰),
676 783 736 875 qui
754 781 900 868 Bmuu,
922 778 1123 865 socerisui,
1157 753 1306 870 mereim
1327 775 1463 868 penitus
1481 776 1679 869 amplexus,
1712 776 1905 848 accuratius

267 924 357 996 illud
379 923 590 1011 enucleavit,
624 922 718 994 idem
742 920 837 1011 quod
858 919 918 1032 ille
944 917 1047 988 sentit
1071 914 1116 984 de
1139 911 1370 986 Accessorr'o.
1429 916 1643 1008 Argumenta
1662 916 1738 1008 ipse
1763 937 1901 1006 quoque

268 1065 357 1156 petit
373 1064 417 1132 ab
435 1062 677 1155 experimentis
695 1070 730 1131 at
746 1058 915 1129 anatomia
931 1063 1137 1149 comparata.
1195 1055 1518 1148 Experimentorum
1540 1065 1653 1124 autem
1673 1054 1719 1124 ad
1744 1076 1905 1148 compro·
2033 1085 2036 1092 ·

268 1200 417 1272 bandam
432 1222 527 1270 suam
544 1200 742 1270 sentmtiam
762 1219 804 1268 eo
823 1195 993 1288 imprimis
1013 1195 1138 1282 utitur,
1173 1215 1242 1282 quo
1266 1194 1442 1285 apparuit,
1480 1194 1544 1262 etsi
1570 1189 1699 1288 Vagus
1719 1202 1810 1262 esset
1830 1192 1902 1266 dis-

268 1349 401 1426 sectus,
434 1349 545 1408 tamen
563 1347 597 1407 et
611 1337 780 1408 audonem
798 1334 990 1426 respirandi
1006 1351 1227 1427 permanere,
1253 1338 1288 1398 et
1303 1325 1781 1402 Steruocleidomustoideos
1796 1341 1901 1420 atque

273 1471 480 1548 Cucullurcs
501 1497 568 1545 una
592 1477 743 1558 moveri;
773 1473 994 1546 Accessnrio
1017 1480 1131 1541 antem
1155 1469 1304 1540 dissecto
1333 1471 1397 1542 has
1424 1471 1592 1542 motiones
1618 1453 1732 1542 statim
1759 1493 1901 1544 cessare

268 1612 373 1699 Quod
388 1635 471 1684 vero
494 1636 537 1682 ex
557 1613 724 1682 anatomia
740 1621 934 1705 comparata
953 1619 1195 1704 argumentum
1210 1611 1355 1704 petivit,
1383 1610 1423 1680 id
1441 1621 1561 1684 nactus
1575 1575 1625 1684 est
1641 1611 1848 1702 inquirendo
1867 1613 1904 1682 in

270 1751 417 1822 duorum
431 1754 640 1823 camelorum
659 1774 822 1844 corpora,
848 1753 884 1819 in
903 1751 1029 1840 quibus
1046 1754 1177 1823 nullum
1193 1778 1215 1822 a
1229 1775 1267 1822 se
1281 1753 1536 1825 Accessnrium
1557 1765 1733 1848 repertum
1750 1755 1845 1826 dicit

366 1892 618 1986 Francogalli,⁸
641 1895 701 1982 qui
720 1893 765 1962 de
783 1913 965 1962 nervorum
982 1899 1166 1982 systemate
1181 1894 1410 1985 scripserunt,
1448 1894 1539 1964 hauc
1556 1893 1679 1964 uram
1699 1904 1734 1966 et
1746 1893 1904 1967 Scarnwu

271 2033 492 2119 sententiam,
517 2031 633 2122 quoad
648 2032 731 2124 ipsis
744 2031 895 2125 placuit,
918 2039 977 2100 aut
995 2040 1101 2100 tutam
1122 2041 1349 2124 acceperunt,
1373 2041 1431 2101 ant
1446 2055 1602 2132 magnam
1619 2033 1664 2102 ad
1680 2043 1813 2125 partam
1833 2035 1904 2104 suis

268 2169 461 2242 rationibus
476 2169 799 2241 accommodarunt:
831 2190 948 2240 ornnes
964 2169 1129 2240 tamenin
1148 2189 1189 2237 eo
1208 2169 1442 2258 consentiunt,
1471 2169 1727 2244 Accessorsum
1756 2172 1903 2266 respira·

268 2312 352 2381 tioni
372 2312 512 2383 servire·
562 2310 832 2397 Desuoumurus,
855 2333 921 2404 pro
938 2319 1033 2381 certo
1049 2307 1223 2378 affirmans
1243 2306 1499 2378 Accessorium
1516 2309 1733 2402 respirationi
1751 2311 1903 2379 cervien·

268 2460 358 2537 tem,
383 2450 429 2520 ad
447 2449 636 2535 musculos,
661 2450 722 2537 qui
743 2470 817 2518 eam
836 2456 1077 2534 sustentarent,
1103 2445 1295 2536 pertinere,
1321 2469 1364 2514 cx
1380 2448 1548 2516 anatomia
1568 2457 1764 2540 comparata
1782 2446 1904 2518 eadem

268 2612 357 2678 quae
377 2588 525 2658 Beuuuus
543 2597 577 2658 et
595 2587 778 2658 Scuawrus
802 2596 1001 2681 argumenta
1030 2583 1127 2679 petit.
1187 2583 1235 2652 At
1263 2584 1363 2653 simul
1393 2586 1577 2655 arbitratus
1609 2583 1902 2678 conjunctionem,

271 2749 374 2816 quam
391 2723 630 2798 Accessorius
646 2748 725 2795 cnm
743 2722 854 2822 Vugo
875 2725 994 2811 iniret,
1026 2722 1167 2816 plurimi
1186 2743 1259 2793 esse
1277 2726 1461 2812 momenti,
1494 2707 1560 2813 aa,
1587 2747 1676 2816 quae
1694 2724 1904 2794 Mansuetus
1985 2695 1987 2702 Α

270 2865 315 2936 de
337 2865 484 2934 diversis
500 2865 670 2934 uariarum
697 2863 869 2934 medullae
887 2863 1030 2956 spinalis
1051 2863 1229 2956 virgarum
1253 2863 1485 2934 functionibus
1508 2851 1672 2952 tradidit,
1709 2863 1753 2934 ad
1769 2862 1904 2936 Acces-

270 3007 364 3076 sorir'
383 3014 537 3076 naturam
556 3004 793 3078 illustrandam
809 3003 988 3074 transtulit.
1044 3003 1097 3072 Ac
1118 3001 1269 3093 primum
1288 3005 1429 3095 quidem
1452 2985 1708 3076 Accessorium
1733 3003 1820 3073 dicit
1852 2995 1903 3094 ¹¹)

270 3167 382 3238 neque
401 3167 422 3214 a
442 3143 554 3242 Vago
571 3169 690 3216 revera
708 3143 922 3238 sejunctum,
947 3164 1009 3212 nec
1027 3143 1263 3231 intervallum,
1288 3144 1324 3212 in
1340 3166 1409 3233 qua
1429 3144 1564 3214 radices
1577 3164 1655 3216 snas
1675 3153 1773 3240 agat,
1797 3142 1903 3234 hujus

183 3349 186 3356 .
269 3283 645 3373 separationiscansam
662 3305 755 3366 esse;
780 3282 983 3373 praesertim
997 3288 1110 3349 antem
1122 3291 1283 3374 oportere
1299 3283 1545 3371 animadverti,
1571 3303 1687 3352 omues
1701 3283 1903 3353 insertiones

268 3420 455 3491 cervicales
477 3418 688 3490 Accessorii
709 3439 788 3487 curu
806 3419 916 3510 virgis
936 3417 1108 3489 medullae
1128 3421 1289 3510 spinalis,
1313 3420 1375 3490 ubi
1396 3421 1599 3492 insertiones
1618 3421 1775 3490 radicum
1802 3417 1847 3489 V
1840 3422 1905 3516 agi

267 3561 352 3648 sint,
376 3561 410 3630 in
429 3558 550 3631 eadem
569 3559 660 3628 linea
682 3557 836 3649 reperiri.
884 3555 1023 3625 Deinde
1042 3557 1277 3650 expluribus,
1302 3561 1368 3647 ait,
1394 3561 1519 3654 conjici
1535 3582 1655 3653 posse,
1679 3583 1753 3630 sam
1769 3569 1904 3653 partem

267 3701 459 3792 systematis
475 3698 645 3770 cerebro·
657 3698 816 3790 spinalis,
841 3697 876 3764 in
896 3719 964 3786 qua
986 3687 1117 3792 Vagus
1134 3708 1169 3768 et
1187 3718 1366 3793 supremae
1386 3697 1599 3771 Accessum·
1624 3702 1761 3771 radices
1787 3701 1902 3770 orian-

268 3847 343 3924 tur,
363 3839 385 3906 i.
395 3861 426 3906 e.
445 3836 491 3907 V
483 3833 694 3910 curriculum
710 3851 899 3935 quaarmm,
923 3836 1105 3906 maximam
1120 3837 1190 3906 vim
1206 3829 1367 3906 exercere
1385 3838 1574 3908 intummas
1589 3840 1680 3907 vitae
1693 3837 1902 3934 functiones,

268 3977 305 4046 in
320 3977 579 4068 respirationem
599 3977 732 4046 scilicet
751 3984 786 4042 et
801 3975 1071 4043 circulationem.
1133 3976 1227 4046 Turn
1240 3979 1288 4045 ita
1307 3976 1426 4070 pergit
1452 3971 1524 4068 ’ἢκ
1562 3973 1691 4066 „Ceste
1707 3975 1903 4074 irfiuence,

268 4115 397 4206 inquit,
428 4137 493 4188 sur
509 4112 547 4184 lu
562 4115 784 4209 respiration
808 4109 859 4183 du
876 4108 1325 4211 nerfpneumogastrique
1350 4109 1477 4185 inse're'
1498 4137 1563 4186 sur
1581 4111 1614 4186 le
1637 4112 1781 4187 cordon
1799 4113 1904 4213 supe·

268 4257 368 4326 rieur
388 4250 436 4324 de
453 4251 491 4324 la
512 4247 658 4341 rnoelle,
682 4249 819 4323 delaire
833 4273 898 4323 sur
912 4247 950 4323 lu
952 4249 1133 4348 fonction
1149 4247 1200 4320 du
1215 4247 1312 4347 nerf
1321 4245 1452 4347 spinal.
1505 4249 1555 4324 Ce
1572 4248 1677 4350 neus,
1701 4275 1840 4326 comme
1853 4275 1904 4324 on

267 4396 375 4481 sair,
398 4383 556 4465 s'inse’r'e
582 4415 631 4461 au
646 4375 773 4462 dessus
791 4386 841 4460 du
859 4383 1032 4488 ligament
1047 4385 1191 4463 dentele‘
1215 4384 1298 4494 bien
1319 4385 1402 4485 pluas
1419 4385 1508 4486 pres
1527 4387 1578 4462 du
1596 4387 1694 4464 bord
1714 4390 1904 4490 superisne·

270 4552 339 4629 que
357 4527 406 4602 du
423 4526 521 4603 bord
531 4525 712 4619 irffdricur
731 4523 778 4597 de
797 4522 836 4598 la
854 4523 998 4617 moade,
1030 4544 1064 4601 et
1079 4550 1138 4600 ses
1155 4530 1351 4600 insertione
1368 4551 1408 4600 se
1427 4523 1582 4601 relevent
1600 4527 1845 4628 d'nvantoge,
1878 4529 1904 4602 ὰ

270 4689 410 4740 mesura
428 4665 577 4768 qu'ellos
593 4682 677 4741 sont
689 4665 772 4764 plats
783 4661 1039 4762 postdrieurer.
1081 4663 1138 4739 Or
1154 4688 1248 4738 nous
1264 4690 1379 4740 avons
1390 4691 1433 4740 vu
1450 4679 1492 4741 et
1500 4689 1594 4741 nous
1597 4693 1633 4769 y
1649 4667 1904 4761 reviendrons,

269 4827 341 4906 que
357 4801 410 4876 les
429 4783 590 4881 cardons
604 4803 813 4904 superieurs
831 4801 879 4877 de
896 4799 933 4875 la
951 4801 1075 4879 moelle
1096 4828 1143 4878 ne
1156 4820 1242 4879 sont
1257 4829 1331 4902 pus
1351 4809 1575 4882 semmurum
1598 4805 1648 4880 du
1666 4825 1913 4904 mouvement,

302 5045 352 5113 1⁰)
368 5045 465 5101 Scnav
482 5046 500 5098 1.
516 5045 534 5099 l.
551 5063 578 5114 p.
594 5045 656 5102 52⁶.

302 5151 352 5218 11)
368 5151 538 5204 Βιιιοιιιιιι
555 5147 609 5202 l.l
625 5167 651 5218 p.
666 5149 727 5204 aas.

303 5257 353 5325 12)
369 5259 538 5314 Datamisa
555 5257 574 5311 l.
590 5257 610 5310 1.
628 5273 652 5324 p.
668 5254 730 5310 ild.
