4678 6170
452 809 591 879 humari
609 816 643 878 et
662 807 788 878 collum
805 817 908 899 atque
925 818 1029 901 eaput
1051 784 1290 899 afficerentur,
1320 833 1467 903 qnorum
1493 812 1545 880 illi
1575 811 1731 880 dolerent
1757 819 1791 880 et
1812 809 1929 904 rigida
1955 821 2083 898 mseot,

453 949 523 1020 hoc
544 950 673 1018 moveri
692 971 758 1017 non
774 958 910 1040 posset3
943 949 1122 1039 therapiae
1144 970 1260 1018 curam
1280 951 1482 1038 demandat,
1515 973 1558 1020 ex
1572 949 1630 1020 his
1646 947 1941 1020 observationibus
1957 960 1995 1019 ut
2014 973 2084 1020 me·

451 1087 549 1156 'delas
563 1087 686 1156 homrn
704 1087 902 1156 morborum
918 1087 1079 1180 colligat,
1094 1096 1129 1155 et
1144 1087 1178 1154 in
1193 1087 1337 1158 atooicis
1348 1109 1423 1182 eg.
1437 1089 1619 1158 uentriculi
1634 1096 1669 1158 et
1681 1088 1874 1182 pharyugia
1887 1086 2085 1177 affectibus,

450 1230 531 1297 illos
543 1249 668 1298 nervos
683 1229 858 1297 ulceribus
876 1227 1111 1296 artificialibus
1125 1227 1226 1296 altius
1243 1228 1280 1296 in
1295 1231 1449 1299 musculo
1466 1227 1639 1320 Trapezio
1654 1228 1794 1322 positis,
1820 1227 1954 1298 excitet

548 1365 682 1434 Mirum
701 1375 770 1454 est,
797 1369 1005 1435 recentiores
1023 1365 1179 1458 vestigiis
1198 1374 1268 1434 tam
1287 1367 1457 1458 praeclari
1474 1367 1656 1436 anatomici
1679 1375 1714 1435 et
1731 1365 1949 1462 physiologi,
1975 1367 2086 1454 qualis

444 1505 595 1576 fiennon
611 1505 697 1592 suit,
724 1529 790 1574 non
804 1505 985 1591 institisse,
1010 1527 1122 1595 neque
1137 1503 1244 1591 tiam,
1262 1527 1367 1595 quam
1386 1507 1446 1576 ille
1467 1507 1641 1600 ingressor
1660 1515 1753 1591 erat,
1783 1503 1984 1598 diligentius
2004 1523 2086 1598 per·

446 1653 716 1733 sequutosesse.
773 1645 820 1713 At
841 1645 915 1714 fere
936 1665 1052 1714 omnes
1067 1645 1222 1714 contenti
1248 1655 1344 1714 erant
1368 1647 1431 1731 iis,
1462 1667 1551 1735 quae
1568 1645 1629 1714 ille
1648 1645 1846 1727 inveneram
1882 1642 1996 1733 qaid?
2020 1665 2085 1716 uon

311 1853 321 1874 ι
452 1784 596 1852 deerant
613 1785 672 1872 qui
690 1805 791 1852 eane
810 1786 980 1852 novissem
997 1785 1160 1872 quidem,
1186 1794 1221 1852 ct
1241 1783 1416 1871 dicentes,
1441 1781 1653 1855 Accessere·
1676 1783 1886 1854 functionem
1909 1785 2012 1876 plane
2031 1787 2086 1854 in·

450 1931 581 1990 certam
603 1941 696 2007 esse,
720 1941 821 1989 suam
846 1919 952 2012 hujus
979 1921 1030 1990 rei
1049 1921 1261 1990 inscientiam
1287 1932 1482 1994 excusatam
1505 1925 1642 1994 vellent
1690 1923 1934 1992 §immunem
1954 1918 2114 1996 Aeaee·

451 2061 546 2130 serii
567 2063 743 2153 provincia
764 2059 901 2130 videtur
920 2084 961 2129 ea
980 2081 1075 2143 esse,
1098 2069 1138 2128 art
1156 2061 1323 2146 musculi,
1344 2060 1395 2162 ad*
1408 2081 1493 2150 quos
1507 2071 1682 2153 permeet,
1707 2061 1903 2131 cerebrales
1926 2072 1961 2132 ct
1978 2063 2086 2132 inter·

446 2199 603 2290 spinales
622 2221 744 2268 nervos
761 2200 951 2290 accipiant,
976 2179 1079 2288 atque
1093 2197 1262 2267 Scurrae
1275 2201 1478 2270 sententiam
1494 2209 1676 2291 sequutus,
1701 2201 1819 2293 plures
1835 2202 2088 2295 pathologico-

453 2337 686 2432 sympathioas
715 2333 911 2408 affectiones
940 2337 1184 2430 conjunctione
1212 2339 1274 2408 illa
1300 2337 1513 2414 Accessorii
1539 2353 1574 2412 et
1608 2339 1710 2440 Vagi
1739 2339 1892 2412 illustrat
1952 2339 2088 2413 Huma-

453 2498 639 2567 nnmtorus,
655 2479 827 2547 laconum
839 2479 912 2546 iere
926 2478 1048 2548 modo:
1074 2529 1095 2567 „
1111 2475 1233 2579 Quam
1248 2476 1295 2551 ob
1311 2501 1388 2550 rem
1404 2477 1662 2568 Acoessorius,
1679 2482 1807 2572 inquit,
1824 2495 1899 2552 tam
1907 2475 2089 2576 singulari

451 2622 501 2690 sit
517 2616 692 2702 decursu,
717 2619 880 2714 ignotum
901 2615 1008 2690 nobis
1026 2613 1112 2691 est'’
1163 2619 1303 2689 Gaurus
1329 2621 1374 2690 de
1391 2621 1459 2690 hac
1482 2645 1520 2692 re
1542 2623 1591 2690 nil
1611 2620 1730 2709 affert,
1764 2621 1829 2690 niti
1856 2620 2089 2712 sympathiam

453 2759 542 2826 inter
567 2759 741 2830 musculos
769 2759 852 2827 colli
877 2767 913 2828 et
938 2757 1161 2829 humerorum
1187 2769 1222 2830 et
1242 2761 1462 2852 pharyngem
1487 2769 1520 2830 et
1548 2755 1787 2830 ventriculum.
1847 2758 2027 2830 Sannorum
2053 2753 2089 2849 ⁸)

373 2881 376 2888 ⁴
453 2890 601 2988 deniquo
618 2899 806 2967 revolvitur
822 2898 897 2968 iere
913 2897 959 2966 ad
969 2899 1130 2967 Wmmsrr
1145 2900 1363 2988 sententiam,
1389 2899 1527 2970 dicens:
1550 2948 1574 2987 „
1584 2881 1681 2970 Leor
1698 2898 1761 2990 (so.
1777 2899 1871 2969 neris
1882 2897 1932 2968 da
1946 2899 1979 2968 la
1993 2897 2091 2991 paire

452 3037 582 3133 vagae)
602 3039 837 3108 connectione
855 3057 943 3136 arec
959 3033 992 3106 le
1010 3033 1108 3134 nerf
1110 3034 1236 3133 spinal
1251 3059 1299 3108 ou
1318 3037 1533 3112 Accessoire
1552 3035 1601 3109 de
1625 3037 1685 3112 W
1678 3059 1774 3112 rums
1790 3051 1941 3133 peuoent
1959 3054 2092 3109 encore

454 3171 666 3274 expliquer,
695 3176 881 3276 pourquoi
900 3171 951 3246 Ier
965 3172 1131 3270 pondes
1144 3177 1319 3270 passione
1339 3175 1385 3248 de
1402 3173 1519 3250 l’ome
1545 3171 1810 3275 nous'portent
1832 3177 1858 3248 ὰ
1878 3173 2091 3276 gestietder,

450 3336 548 3410 pour
568 3317 666 3386 ainsi
682 3311 782 3403 dire,
816 3311 961 3412 malgre'
980 3337 1080 3386 noue
1145 3312 1195 3386 Ce
1216 3311 1366 3387 dernier
1385 3315 1479 3410 nerf
1497 3319 1561 3416 qui
1581 3303 1622 3388 oe
1636 3313 1816 3390 disotboe
1840 3339 1922 3388 aux
1940 3311 2095 3388 merocles
2181 3366 2186 3374 -

451 3453 504 3526 du
521 3474 591 3527 eeu
609 3469 644 3526 et
661 3451 709 3526 de
728 3450 879 3551 l'epine,
900 3429 939 3526 et*
952 3459 1016 3555 qui
1033 3477 1058 3525 a
1074 3451 1141 3528 des
1156 3459 1391 3530 connectione
1408 3459 1444 3530 si
1460 3461 1605 3533 intimes
1630 3481 1716 3531 orec
1735 3455 1775 3528 lo
1788 3452 1971 3555 premiere
1983 3458 2092 3550 paire

451 3591 519 3666 des
535 3591 641 3691 uerso
658 3596 893 3682 ceruiceaux,
918 3615 964 3664 ne
978 3597 1106 3690 parcit
1130 3597 1222 3664 tirer
1238 3617 1308 3664 son
1328 3599 1475 3690 om'gt'ne
1496 3594 1543 3666 de
1559 3595 1598 3666 lo
1610 3600 1735 3688 poro'e
1754 3593 1964 3687 superieure
1985 3589 2034 3664 de
2052 3589 2091 3662 lo

453 3729 580 3805 moelle
606 3729 654 3804 de
678 3727 839 3828 l’e'pt'ne,
874 3751 944 3831 que
964 3727 1176 3830 parcequ'il
1192 3745 1247 3803 est
1273 3727 1418 3802 destine'
1442 3729 1467 3801 ὰ
1493 3735 1657 3804 mooooir
1678 3729 1744 3804 des
1762 3733 1907 3828 parties
1925 3727 2018 3804 dont
2041 3727 2093 3804 lea

454 3886 579 3945 autres
594 3869 699 3969 nerse
721 3872 886 3944 viennent
906 3865 956 3942 du
972 3873 1086 3941 meme
1104 3865 1282 3942 endroit'’

1202 4108 1237 4210 p
1288 4109 1347 4180 ro.

553 4261 805 4332 Recentissima
829 4261 968 4332 demum
991 4267 1102 4330 aetate
1121 4259 1157 4328 io
1174 4268 1328 4351 syntoma
1347 4272 1529 4324 nervorum
1553 4253 1755 4348 diligentias
1778 4256 1907 4346 inquiri
1932 4263 2092 4346 coeptum

456 4410 526 4486 est3
550 4421 722 4492 novasque
736 4399 901 4490 quasdam
916 4399 1096 4491 opiniones
1112 4397 1157 4468 de
1170 4417 1275 4466 nervo
1291 4392 1510 4468 Accesoorio
1526 4397 1650 4466 allatae
1664 4396 1806 4486 quidem
1821 4395 1918 4482 suot,
1937 4395 2091 4484 sedeat,

457 4563 544 4630 quae
559 4543 711 4611 serviant
724 4539 901 4632 systemati
916 4537 1039 4625 alicui,
1064 4525 1109 4606 ad
1120 4537 1221 4628 quod
1237 4539 1329 4608 varia
1347 4555 1528 4608 nervomm
1547 4558 1675 4634 genera
1693 4537 1906 4630 redigantur.

557 4679 647 4747 Ante
664 4699 780 4748 onmes
804 4676 967 4748 hocloco
992 4678 1160 4748 nominari
1184 4677 1291 4748 dehet
1317 4669 1381 4749 Gru
1399 4677 1548 4746 Bruuius
1570 4671 1628 4767 9),
1652 4672 1719 4767 oui
1741 4675 1787 4745 de
1804 4676 1941 4770 integro
1959 4670 2094 4745 Acces-

456 4819 550 4890 oorii
578 4827 731 4888 naturam
759 4818 987 4910 investigans,
1022 4814 1067 4883 ad
1088 4815 1322 4908 indagandam
1338 4817 1414 4910 ejus
1431 4779 1645 4887 ruretenent
1666 4836 1729 4903 ea,
1763 4831 1866 4906 qua'm
1885 4815 2093 4886 rocehtloies

508 5055 540 5123 Β)
555 5057 694 5112 Summa
709 5057 729 5109 1.
744 5055 765 5108 l.
781 5071 807 5123 p.
823 5052 884 5108 111.
948 5105 949 5108 ,

509 5161 541 5229 o)
557 5163 620 5215 Viri.
637 5163 797 5232 Philosoph.
815 5164 957 5217 uranum
975 5159 1057 5218 1811.
1073 5160 1104 5216 P.
1120 5161 1156 5216 11.
1173 5180 1199 5231 p.
1214 5161 1276 5220 406.
1292 5167 1321 5218 et
1338 5162 1417 5218 1811.
1433 5164 1463 5218 P.
1479 5163 1516 5217 ll.
1534 5157 1638 5230 11191.
1677 5160 1754 5218 Haec
1770 5161 1862 5216 omnia
1879 5162 2008 5230 legantur
2025 5175 2094 5228 qno·

559 5269 612 5322 que
629 5252 658 5304 ln
674 5253 764 5320 libro,
789 5255 833 5306 cui
850 5251 950 5307 titulus
966 5257 1025 5306 este
1048 5251 1209 5324 Expositiou
1232 5253 1270 5307 da
1285 5241 1408 5322 syttlme
1424 5253 1532 5308 naturel
1554 5251 1602 5306 der
1619 5251 1693 5308 neria
1717 5255 1769 5304 eto.
1791 5267 1842 5321 par
1858 5251 1899 5306 al.
1917 5247 2009 5315 um,
2038 5252 2095 5304 tra-

560 5341 622 5398 duit
638 5358 688 5412 par
704 5342 821 5397 limata.
852 5341 932 5398 Parit
948 5341 1028 5400 luat.
