4672 6172
461 812 507 885 ad
534 809 705 880 musculos
734 807 875 900 spinos,
910 807 1056 878 alterum
1083 804 1178 898 (tl)
1207 805 1252 876 od
1278 803 1447 876 musculos
1471 805 1540 876 ossi
1568 803 1713 898 occipiti
1739 805 1869 875 affixos.
1931 758 2092 879 Truncus

460 951 557 1022 nervi
582 970 722 1018 nervum
742 941 951 1017 lateralem
967 966 1132 1038 magnum
1150 965 1288 1030 semor,
1312 943 1427 1014 statim
1454 942 1500 1011 ad
1525 943 1666 1015 inferias
1691 943 1905 1033 deflectitur,
1931 953 1966 1012 at
1984 953 2094 1014 toturn

460 1091 498 1160 in
513 1089 673 1158 musculis
688 1087 814 1177 pinnae
825 1067 977 1176 pectoris
994 1107 1031 1156 se
1048 1083 1213 1154 dissolvit
1263 1083 1411 1152 uanum
1431 1081 1478 1152 ad
1492 1082 1642 1152 vesicam
1658 1083 1879 1170 natatoriam,
1903 1101 2005 1173 quem
2024 1083 2094 1156 cn

460 1249 543 1299 crau
556 1227 616 1298 ll.
637 1226 682 1295 de
696 1225 765 1296 boc
782 1246 888 1297 nervo
902 1223 1038 1305 laudat,
1063 1243 1127 1294 neo
1145 1220 1283 1292 Wnnun
1304 1243 1368 1294 neo
1384 1244 1453 1316 ego
1471 1243 1623 1312 unquam
1637 1220 1723 1290 vidi.

556 1366 600 1436 In
635 1361 799 1460 Cyprino
831 1357 959 1434 Bardo
995 1361 1106 1454 (Tab.
1134 1361 1191 1432 vl.
1215 1361 1296 1456 Fig.
1320 1363 1388 1455 ΙΙ.)
1421 1386 1477 1435 res
1506 1363 1582 1434 iere
1618 1362 1742 1434 eodem
1770 1363 1878 1432 modo
1909 1381 1948 1432 se
1977 1359 2117 1454 babet-¹

460 1503 584 1578 Oritur
605 1515 719 1576 autem
743 1507 840 1576 ineo
865 1526 989 1576 nervus
1007 1505 1073 1574 ille
1094 1504 1169 1596 (2)
1196 1504 1307 1575 tribus
1333 1501 1571 1572 tantummodo
1592 1501 1770 1572 radicibus
1802 1509 1837 1570 at
1861 1501 2008 1592 quidem
2029 1524 2094 1574 una

460 1648 651 1736 eadamque
672 1655 723 1715 sat
743 1666 857 1716 crassa
876 1644 996 1720 radice
1014 1641 1086 1736 (ii)
1114 1667 1158 1714 ex
1177 1643 1437 1714 intumescentia
1461 1641 1708 1736 ganglioiormi
1739 1640 1856 1732 (lo),
1892 1655 1982 1734 quae
2013 1641 2094 1714 'sti-

445 1787 622 1884 gemine,
654 1782 764 1882 Vago
787 1793 823 1853 et
849 1779 1050 1854 Auditorio
1076 1784 1267 1854 communis
1292 1785 1547 1870 videturesse,
1579 1805 1751 1874 quamque
1770 1783 1909 1854 warna
1934 1805 2095 1877 magnum

459 1925 622 2021 ganglion
650 1923 819 2016 appellat,
855 1925 890 1994 in
918 1923 1014 2011 quod
1045 1943 1160 1992 rannus
1186 1917 1407 1992 Auditoriur
1439 1923 1688 2010 accessorius,
1724 1922 1785 2012 qni
1808 1922 1883 2014 ipse
1909 1923 1956 1994 sit
1980 1945 2093 1993 ramus

460 2062 556 2134 nervi
582 2061 783 2157 Trigemini
793 2111 804 2148 ‚
837 2061 1046 2132 intumescat.
1095 2060 1137 2129 In
1159 2061 1303 2154 regione
1320 2062 1496 2134 foraminis
1515 2064 1665 2133 lateralis
1681 2063 1800 2158 magni
1818 2063 1904 2132 ossis
1918 2063 2093 2157 compitis,

460 2201 507 2270 ad
531 2201 625 2268 banc
652 2200 805 2269 radicem
831 2199 900 2268 duo
922 2200 1049 2269 alterae
1073 2197 1265 2285 accedunt,
1298 2223 1442 2291 quarum
1466 2203 1619 2272 anterior.
1642 2202 1753 2295 major
1785 2201 1976 2290 eademque
2001 2223 2094 2272 cras·

460 2338 532 2408 sior
552 2336 641 2428 (7),
672 2346 725 2406 sat
743 2338 810 2406 lata
834 2337 908 2406 basi
936 2360 978 2408 ex
1004 2338 1139 2424 antica,
1175 2341 1349 2430 posterior
1373 2342 1574 2430 tenuiorque
1595 2340 1666 2432 (8)
1691 2365 1711 2411 a
1733 2341 1991 2434 postica-parta
2020 2365 2094 2412 rne-

463 2480 579 2550 dullae
602 2481 808 2574 oblongatre
828 2482 945 2549 oritur.
995 2479 1111 2568 Loco,
1136 2479 1198 2549 ubi
1221 2480 1287 2549 bae
1308 2489 1378 2550 tres
1394 2477 1531 2552 radices
1547 2481 1775 2570 conveniunt,
1801 2483 1933 2552 tenuior
1952 2483 2093 2572 quidem

460 2645 481 2692 o
500 2623 684 2714 posteriori
703 2621 875 2692 medullae
897 2622 1104 2718 oblongatae
1121 2633 1220 2716 purte
1240 2621 1389 2692 oriunda
1416 2621 1516 2690 radix
1540 2623 1709 2715 ganglion
1731 2620 1826 2712 (ll)
1847 2622 1973 2710 babet,
2008 2644 2094 2713 quo·

311 2771 314 2777 '
462 2782 541 2831 cum
569 2781 632 2830 nec
656 2761 756 2830 radix
780 2761 887 2832 illan
922 2761 1151 2857 Trigemino,
1187 2783 1249 2831 nec
1277 2765 1338 2833 illa
1366 2764 1411 2832 ab
1435 2764 1547 2832 antica
1567 2773 1666 2855 purte
1693 2764 1865 2834 medullae
1887 2765 2094 2856 oblongatae

460 2901 680 2994 proveniens,
710 2901 982 2972 communionem
999 2903 1131 2970 habere
1153 2900 1300 2972 videtur.
1359 2903 1442 2974 dam
1461 2903 1550 2972 intra
1569 2902 1723 2974 cronium
1740 2901 1848 2992 baec,
1872 2925 1974 2994 quarn
1990 2901 2095 2971 modo

461 3040 555 3128 dixi,
588 3040 737 3112 anterior
758 3039 858 3109 radix
880 3062 1012 3110 ramum
1032 3039 1105 3132 (o)
1128 3041 1252 3128 mittit,
1286 3040 1346 3132 qui
1373 3042 1475 3111 simul
1503 3062 1580 3112 curu
1608 3043 1733 3112 ceteris
1761 3043 1797 3112 in
1825 3003 1929 3111 unum
1953 3062 2094 3110 nervum

458 3179 591 3271 junctis
620 3179 797 3247 radicibus
834 3203 853 3247 e
881 3177 1048 3248 foramine
1066 3179 1200 3248 laterali
1221 3201 1346 3273 magno
1374 3202 1551 3274 egressus,
1583 3183 1630 3251 nd
1652 3182 1822 3252 musculos
1844 3203 1920 3252 sese
1943 3180 2094 3264 confert,

461 3317 521 3406 qui
541 3316 675 3407 primae
692 3317 872 3387 vertebrae
891 3316 986 3386 affixi
1006 3326 1093 3386 sunt
1153 3319 1313 3388 Truncus
1337 3319 1433 3390 nervi
1458 3319 1527 3412 (2)
1559 3322 1609 3390 uti
1635 3322 1672 3390 in
1700 3317 1864 3418 Cyprino
1893 3315 2095 3413 Caepione,

462 3456 508 3525 ad
533 3457 705 3526 musculos
728 3457 855 3549 pinnae
881 3457 1034 3550 pectoris
1060 3457 1265 3529 deflectitur.

558 3596 599 3664 ln
637 3591 799 3692 Cyprino
830 3594 1003 3667 Leucisco
1039 3597 1152 3687 (Tab.
1175 3597 1235 3664 Vl
1268 3597 1347 3687 Fig.
1368 3598 1455 3684 111.)
1491 3597 1586 3668 bunc
1619 3619 1763 3666 nervum
1794 3619 1932 3686 quoqne
1970 3597 2095 3664 iuveni.
2151 3677 2155 3685 ⁵

460 3735 582 3806 Oritur
604 3736 654 3805 uti
675 3737 710 3804 in
732 3731 896 3831 Cyprino
915 3731 1044 3806 Bardo
1065 3734 1177 3804 tribus
1199 3730 1396 3817 radicibus,
1429 3731 1541 3822 primo
1555 3729 1711 3823 longiori
1735 3730 1808 3823 (ὅ)
1836 3755 1857 3800 n
1883 3731 2095 3828 Trigemino

461 3884 497 3945 et
525 3875 782 3964 duabusaliis,
825 3877 932 3944 altera
963 3874 1035 3967 (t)
1069 3895 1111 3943 ex
1141 3872 1292 3965 postica,
1338 3871 1446 3940 altero
1480 3867 1549 3962 (5)
1583 3893 1626 3942 ex
1657 3873 1769 3943 antica
1796 3882 1895 3966 parte
1917 3873 2096 3944 ¹medullae

461 4016 665 4109 oblongatae
706 3979 938 4107 proveniente.
1032 4016 1074 4085 In
1111 4015 1175 4084 illo
1211 4015 1328 4106 pisce,
1373 4035 1478 4103 quem
1520 4012 1689 4101 disserui,
1730 4015 1767 4083 in
1809 4015 1917 4086 latere
1957 4015 2095 4084 sinistro

463 4155 575 4246 prima
602 4155 700 4223 radix
732 4156 852 4225 radice
883 4152 928 4225 V
920 4156 985 4249 agi
1012 4153 1264 4248 obtegebatur,
1301 4155 1342 4254 in
1362 4155 1486 4224 dextro
1514 4164 1627 4225 autern
1650 4153 1734 4225 buio
1757 4155 1824 4248 ipsi
1855 4153 1957 4253 Vagi
1984 4156 2094 4226 radici

462 4295 727 4387 superimposita
758 4304 841 4365 erat.
923 4294 1087 4365 Ceterum
1120 4315 1239 4365 omnes
1264 4295 1413 4365 rationes
1442 4315 1583 4390 prorsus
1609 4296 1750 4366 eaedem
1780 4307 1896 4381 erant,
1932 4305 2034 4384 atque
2060 4297 2096 4365 in

465 4430 629 4531 Cyprino
655 4429 796 4504 Barba.

560 4574 600 4643 ln
625 4567 748 4643 Silero
773 4595 911 4664 quoque
941 4565 1103 4643 Glauide
1134 4572 1273 4642 warna
1305 4572 1453 4643 eundem
1483 4595 1627 4644 nervum
1659 4571 1873 4655 observavit3
1909 4593 2029 4642 verum
2059 4575 2094 4642 in

462 4713 530 4782 boc
567 4713 705 4781 animali
743 4713 828 4782 duas
863 4714 1098 4783 tantummodo
1138 4710 1246 4784 babet
1283 4735 1304 4780 n
1340 4713 1492 4783 medulla
1528 4712 1715 4806 oblonguta
1760 4711 2003 4806 provenientes
2038 4734 2096 4780 ra·

463 4850 581 4942 dices,
623 4874 769 4943 quarum
803 4853 955 4944 posticae
999 4851 1167 4947 ganglion
1205 4862 1266 4922 est.
1337 4849 1456 4918 Radix
1495 4874 1516 4921 a
1558 4849 1768 4947 Trigcmirro
1806 4849 1952 4920 oriunda
1989 4851 2094 4922 deest

463 4988 574 5059 Totus
606 5013 728 5064 nervus
759 5013 824 5085 per
858 4989 1034 5084 peculiare
1065 4989 1172 5060 cranii
1204 4988 1359 5059 foramen
1390 4989 1437 5060 ad
1470 4992 1642 5063 musculos
1673 4990 1798 5083 pinnac
1828 4991 1980 5086 pectoris
2011 5011 2095 5080 por·-

464 5129 600 5224 rigitur.
