4678 6170
427 877 431 885 .
457 837 492 896 et
509 844 559 892 au
574 784 683 890 coeur
699 814 724 886 l
733 813 911 914 irfiuence
928 811 975 886 tle
989 829 1086 887 toute
1099 827 1187 886 cette
1204 812 1379 910 lcrrgueur
1396 807 1442 882 cle
1457 808 1496 880 lu
1513 806 1656 896 moelle,
1669 831 1734 880 sur
1750 805 1904 906 laquelle
1917 807 2083 903 sesfiletr

457 961 495 1040 d’
503 964 645 1060 origine
659 972 838 1055 prement
855 959 1033 1030 insertion
1039 952 1076 1025 '’.·
1112 959 1231 1046 quaeri
1248 961 1381 1047 potest,
1404 973 1502 1072 'quae
1527 959 1562 1020 et
1578 948 1690 1038 qualis
1706 947 1793 1018 haec
1811 949 1863 1016 vis
1878 949 1945 1032 sit,
1978 971 2080 1038 quam

459 1102 637 1171 transierat
661 1099 708 1168 ad
736 1096 893 1192 Vogum,
954 1096 1026 1167 Sed
1058 1118 1101 1168 ex
1132 1097 1194 1184 iis,
1227 1118 1316 1185 quac
1347 1095 1450 1186 paulo
1479 1081 1567 1164 unte·
1591 1092 1696 1178 dixit,
1730 1095 1892 1184 apparet,
1927 1109 2006 1158 eum
2038 1090 2083 1158 ds
2144 1103 2152 1120 ·

457 1239 680 1310 sensibilitate
702 1239 890 1326 loquutum.

443 1373 446 1382 '
554 1357 657 1463 Quod
674 1377 778 1445 inodo
795 1374 1079 1467 reprehendimus
1096 1375 1133 1441 in
1152 1372 1318 1443 sententia
1332 1372 1577 1458 Desmonumn,
1601 1371 1696 1440 idem
1709 1370 1803 1442 cudit
1817 1369 1853 1438 in
1869 1367 2081 1454 necamus,

455 1517 516 1605 qui
541 1513 797 1596 Accessorium
824 1513 1018 1584 sensificum
1045 1535 1186 1582 nervum
1210 1515 1380 1624 appellet,
1414 1513 1498 1582 licet
1524 1511 1676 1583 dubitari
1703 1519 1869 1601 nequeat,
1906 1511 1988 1599 quin
2015 1531 2080 1580 nou

457 1659 687 1752 ignoraverit,
711 1657 858 1728 eundem
874 1678 1000 1749 magua
1019 1679 1061 1726 ex
1076 1667 1174 1746 parte
1196 1655 1231 1722 in
1246 1655 1417 1724 musculos
1435 1655 1542 1756 abire.

904 1971 1220 2046 SECTIO
1281 1972 1631 2049 ALTERA.

456 2157 697 2268 Exponitur
724 2154 828 2273 quid
851 2153 1038 2271 equidem
1068 2153 1118 2236 de
1144 2174 1299 2238 natura
1327 2173 1366 2238 et
1382 2153 1604 2262 structione
1626 2152 1871 2238 Accessorii
1894 2153 2080 2234 sentiam.

1199 2395 1235 2496 q.
1283 2400 1341 2470 aa

555 2586 642 2657 Cum
661 2608 794 2673 omnes,
826 2609 911 2676 quos
934 2595 1070 2678 oportet
1092 2588 1260 2656 variarum
1284 2607 1324 2654 ac
1349 2584 1543 2653 difficilium
1563 2606 1677 2652 rerum
1698 2583 1949 2651 multitudinem
1970 2591 2080 2650 mente

457 2727 661 2816 complecti,
693 2726 974 2816 circumspiciunt
989 2726 1143 2815 aliquid,
1173 2725 1218 2793 ad
1240 2724 1334 2814 quod
1350 2723 1497 2792 subinde
1513 2724 1661 2791 animum
1679 2730 1898 2808 convertant,
1931 2745 1973 2790 ne
1989 2721 2080 2789 mole

456 2886 570 2934 rernm
599 2866 673 2955 ipsa
702 2864 905 2947 obruantur;
948 2874 1020 2933 tum
1043 2863 1212 2955 imprimis
1236 2863 1274 2930 in
1297 2863 1414 2931 studio
1440 2861 1631 2952 systematis
1660 2883 1842 2931 nervorum
1870 2859 2081 2958 anatomico,

456 3003 558 3092 quale
585 3003 672 3072 illud
698 3012 732 3071 et
752 3004 835 3071 olim
859 3003 925 3071 fuit
951 3013 986 3073 et
1010 3005 1200 3082 etiamnunc
1226 3013 1296 3092 est,
1327 3006 1395 3073 tale
1422 3003 1596 3094 quoddam
1626 3006 1722 3093 quasi
1748 3003 1959 3072 Ariadneum
1985 3003 2081 3071 filum

455 3143 689 3230 desideratur,
720 3143 819 3235 cujus
841 3167 907 3235 ope
926 3167 986 3214 uos
1006 3167 1071 3235 per
1093 3123 1343 3235 labyrinthicas
1370 3143 1494 3213 borum
1515 3144 1709 3213 studiorum
1732 3143 1841 3212 flexus
1862 3141 2081 3228 oberrantes,

455 3283 545 3350 viam
561 3282 791 3372 expediamus.
852 3283 951 3352 Nihil
972 3284 1061 3352 enim
1080 3283 1149 3351 hoc
1170 3282 1285 3352 studio
1310 3284 1489 3355 difficilius
1513 3295 1547 3354 et
1568 3284 1767 3377 impeditius
1793 3285 1939 3379 cogitari
1959 3293 2082 3376 potest.

452 3419 674 3513 Singulorum
697 3444 813 3490 rerum
837 3423 938 3512 copia
961 3424 995 3489 in
1020 3423 1220 3490 immensum
1241 3421 1406 3510 adaucta,
1438 3423 1474 3490 in
1495 3423 1570 3493 dies
1589 3427 1698 3494 crevit
1722 3425 1902 3516 diligentia
1930 3445 1971 3492 eo
1999 3443 2081 3493 cura

452 3561 738 3642 anatomicorum3
774 3560 838 3630 sed
857 3562 971 3628 omnia
991 3560 1130 3630 coniusa
1151 3570 1286 3636 suntet
1308 3565 1490 3633 incondita.
1552 3564 1691 3634 Certum
1713 3587 1813 3634 nemo
1840 3565 1923 3648 luit,
1956 3564 2015 3651 qui
2045 3539 2080 3630 in

451 3697 665 3768 addiscenda
694 3699 760 3768 buc
781 3700 970 3768 anatomiae
990 3709 1090 3791 parte
1116 3709 1267 3769 versatus
1292 3721 1356 3768 uon
1378 3700 1598 3770 vehementer
1628 3700 1841 3770 desideraret
1869 3701 2079 3792 principium

451 3840 646 3928 quoddam,
671 3863 740 3929 quo
761 3841 849 3909 ordo
868 3863 984 3909 rerum
1002 3849 1116 3910 certus
1136 3841 1405 3911 constitueretur.
1456 3837 1620 3906 Veterum
1637 3843 1903 3908 anatomioorum
1922 3862 2022 3908 nemo
2042 3839 2080 3908 id

452 3999 494 4046 ne
509 3987 647 4082 conatus
664 3981 805 4068 quidem
822 3989 913 4067 erat,
936 3989 1120 4071 propterea
1135 3981 1215 4068 quia
1231 3999 1287 4048 res
1303 3987 1375 4045 erat
1391 3977 1613 4066 difficillima,
1632 3987 1667 4048 et
1681 3988 1800 4048 natura
1816 3988 1918 4070 atque
1933 3979 2081 4048 iunctio-

453 4138 514 4188 nes
540 4118 643 4188 totius
676 4143 857 4190 nervorum
885 4122 1083 4210 systematis·
1104 4144 1169 4190 non
1203 4121 1285 4190 satis
1318 4121 1485 4216 cognitus.
1558 4120 1790 4204 Quamobrem
1821 4121 1959 4210 iniquus
1987 4131 2080 4191 certe

451 4255 604 4386 fuisset,
632 4259 692 4346 qui
722 4259 943 4348 postulasset,
987 4268 1025 4327 ut
1052 4259 1201 4350 primum
1234 4257 1339 4349 hujus
1368 4261 1419 4327 rei
1448 4259 1643 4349 periculum
1673 4284 1840 4356 prospere
1871 4261 2080 4332 succederet.
2109 4339 2111 4344 ¹

449 4395 606 4491 Egregie
624 4407 737 4468 antem
754 4399 819 4469 Cre
835 4399 983 4468 Bsmms
1002 4400 1047 4470 de
1063 4399 1131 4469 hac
1152 4400 1339 4468 anatomiae
1354 4404 1614 4491 pertemeruit,
1639 4405 1734 4493 quod
1748 4407 1879 4495 primus
1895 4423 1960 4470 non
1974 4401 2081 4472 modo

450 4535 490 4602 id
507 4538 699 4627 periculum
718 4538 819 4624 lecit,
850 4539 1036 4608 sedetiam
1062 4539 1213 4630 plurimo
1238 4540 1359 4612 labore
1388 4550 1423 4612 et
1444 4544 1603 4635 plurimis
1629 4546 1891 4631 acutissimeque
1917 4543 2080 4614 institutis

452 4678 695 4769 experimentis
717 4679 1082 4770 observationibusque
1104 4681 1193 4750 viam
1217 4682 1392 4776 ingressus
1413 4695 1484 4774 est,
1514 4686 1659 4775 quaid,
1694 4685 1788 4773 qnod
1805 4685 1945 4775 pridem
1962 4707 2080 4758 omnes

450 4821 646 4908 voluerunt,
673 4842 733 4890 nos
747 4832 988 4911 assequuturos
1005 4845 1079 4893 esse
1097 4846 1237 4916 sperare
1254 4823 1346 4892 licet.
1396 4824 1478 4892 Hoc
1490 4823 1595 4892 modo
1610 4823 1671 4892 ille
1688 4831 1723 4892 et
1739 4823 1959 4894 difficultates
1974 4824 2079 4916 hujus

449 4957 557 5024 studii
582 4960 792 5047 sublevavit,
820 4971 862 5029 ·et
890 4962 1057 5030 rationem
1084 4919 1295 5056 excogitavit
1318 4960 1365 5028 ad
1381 4961 1631 5054 ,intelligendae
1652 4961 1845 5034 functiones
1867 4975 1902 5034 et
1926 4977 2078 5033 naturam

454 5113 636 5168 nervorum
652 5105 844 5190 systematis
862 5103 1085 5173 utilissimam.
1140 5103 1216 5174 Nec
1238 5125 1321 5174 vero
1342 5101 1464 5172 Beumr
1490 5103 1529 5170 id
1548 5113 1713 5195 systema,
1749 5106 2011 5195 quodomnium
2032 5105 2079 5174 ad

451 5261 488 5311 se
504 5240 608 5312 vertit
622 5241 771 5331 unimus,
793 5246 910 5316 multis
925 5269 1008 5318 vero
1022 5247 1205 5342 probatum
1225 5253 1295 5333 est,
1317 5243 1377 5313 hic
1395 5265 1562 5336 exponam
1579 5267 1689 5337 neque
1709 5245 1929 5333 examinabo,
1949 5247 2079 5339 quippe
