4678 6170
1826 649 1878 722 83

962 845 965 852 ’
995 841 1032 944 §.
1078 837 1138 912 ts.

344 983 446 1072 Quod
466 983 496 1055 si
513 983 585 1056 hoo
602 981 708 1052 modo
729 982 960 1078 argumentis,
988 1005 1112 1073 quasa
1130 983 1209 1052 loco
1226 987 1261 1051 et
1279 980 1416 1073 origine
1436 981 1565 1073 petita,
1586 980 1736 1071 iisquae
1748 980 1794 1052 de
1806 979 1880 1052 Fa·

249 1121 354 1212 ciali,
391 1121 743 1221 Glossopharyngeo
770 1133 805 1192 et
831 1119 1053 1194 Accessorio
1083 1121 1156 1190 dixi
1190 1121 1318 1213 opponi
1344 1121 1494 1214 possint,
1530 1121 1676 1208 eversis,
1713 1122 1880 1210 rationes,

249 1285 332 1353 quas
351 1285 455 1355 supra
478 1263 524 1331 ad
548 1262 790 1333 declarandam
817 1259 862 1331 V
855 1264 921 1359 agi
948 1272 983 1334 et
1001 1261 1214 1334 Accessorii
1241 1270 1394 1331 naturam
1420 1261 1535 1348 attuli,
1568 1263 1699 1348 valent,
1731 1262 1881 1352 indeque

248 1413 410 1495 apparet,
444 1401 699 1474 Accessorr'um
728 1423 869 1471 nervum
894 1423 968 1473 esse
996 1403 1179 1472 motorium
1203 1400 1455 1486 tantummodo,
1495 1396 1539 1468 V
1533 1421 1641 1496 agenn
1665 1399 1880 1484 sensificnm3

249 1542 399 1632 denique
421 1543 451 1610 si
469 1541 571 1610 ambo
590 1542 686 1612 nervi
707 1541 897 1612 arctissime
919 1564 994 1614 sese
1005 1541 1175 1636 jungunt,
1201 1542 1250 1610 ita
1269 1549 1308 1609 ut
1328 1541 1430 1610 exiis
1448 1541 1713 1610 mixtusnervus
1733 1499 1882 1611 oriature

248 1689 402 1771 apertum
423 1689 490 1766 est,
516 1679 627 1769 qualis
649 1675 781 1775 Vagus
805 1680 842 1748 in
860 1681 951 1750 collo
972 1691 1006 1749 et
1028 1682 1062 1750 in
1081 1681 1325 1752 divaricatione
1344 1701 1405 1750 sua
1431 1681 1475 1750 ad
1498 1665 1627 1775 organa
1646 1679 1884 1773 respirationis

249 1828 284 1890 et
300 1819 344 1889 ad
362 1821 591 1890 uentriculum
609 1829 787 1907 cernatur,
812 1820 848 1890 in
867 1820 1011 1889 eandem
1032 1845 1109 1891 eum
1128 1821 1273 1893 classem
1300 1833 1405 1911 atque
1427 1841 1551 1892 nervos
1575 1823 1742 1914 spinales,
1772 1817 1882 1893 Glose-

248 1956 561 2053 soplraryngeum,
586 1954 774 2028 Fucialem
796 1968 831 2030 et
856 1957 1103 2054 lligeminum
1122 1961 1345 2042 referendum
1366 1981 1456 2047 essa,
1480 1959 1697 2049 maximaque
1716 1981 1773 2030 eos
1788 1961 1880 2029 inter
1936 2052 1941 2066 Ι

247 2117 285 2166 se
301 2095 524 2164 similitudine
540 2095 660 2166 teneri.
695 2095 784 2166 .Hos
803 2117 920 2166 omnes
936 2096 985 2164 ita
1002 2097 1160 2169 videmus
1176 2108 1408 2192 comparatos,
1431 2108 1469 2168 ιιι
1485 2121 1602 2169 eoram
1616 2087 1768 2186 radices,
1792 2121 1879 2189 qua-

248 2254 324 2302 ram
341 2234 450 2303 altera
467 2235 628 2320 motoria,
652 2235 760 2304 altera
776 2235 931 2306 sensiilca
949 2246 1019 2322 est,
1051 2235 1087 2305 in
1107 2259 1213 2306 unum
1230 2259 1371 2308 nervum
1391 2248 1528 2325 coeant,
1553 2238 1612 2326 qni
1635 2238 1774 2314 mixtam
1796 2259 1882 2329 praa

247 2391 284 2441 se
303 2371 414 2442 serens
431 2371 602 2460 naturam,
636 2383 671 2443 et
679 2375 851 2442 ,motui‘et
870 2373 1085 2442 sensibilitati
1111 2397 1339 2467 organorum,
1373 2377 1419 2444 ad
1440 2397 1528 2464 quae
1547 2376 1712 2467 pertinet,
1736 2384 1883 2467 praeest.

248 2508 349 2579 licet
373 2531 456 2578 vern
482 2507 738 2580 Accessorium
763 2510 867 2600 paulo
890 2530 994 2600 supra
1021 2510 1057 2576 in
1083 2513 1274 2582 anatomica
1303 2509 1378 2605 ejus
1407 2513 1638 2605 descriptione
1670 2513 1883 2606 peculiarem

250 2671 391 2718 nemum
412 2649 673 2737 nominaverim,
699 2651 836 2740 qualem
856 2649 965 2720 hodie
984 2671 1102 2723 omnes
1119 2675 1197 2722 enm
1218 2661 1254 2721 et
1273 2663 1450 2724 numerant
1471 2664 1505 2722 et
1525 2653 1742 2742 describunt,
1767 2613 1881 2724 tanen

248 2793 318 2865 hoc
338 2791 470 2863 nomine
487 2815 609 2864 cenam
632 2817 709 2864 eum
730 2805 764 2863 et
784 2790 931 2892 Vugum
950 2783 1062 2866 unum'
1074 2814 1234 2878 nervum,
1267 2791 1523 2862 Accessorium
1547 2793 1707 2862 nimirum
1728 2794 1882 2866 radicem

248 2933 481 3004 tantummodo
503 2931 605 3032 Vagi
624 2935 795 3004 diversam
816 2957 898 3006 esse.
955 2933 1094 3005 Etenim
1121 2941 1156 3002 et
1180 2941 1295 3002 notum
1308 2939 1388 3017 'est‚
1423 2940 1458 3001 et
1476 2953 1579 3023 supra
1604 2929 1767 3021 equidem
1785 2953 1881 3002 com-

249 3073 453 3159 memoravi,
477 3094 579 3162 quam
596 3073 657 3144 din
671 3075 728 3143 vel
744 3072 969 3142 landatiaeimi
983 3071 1167 3142 anatomici
1184 3068 1441 3141 Accersorium
1457 3071 1611 3140 radicem
1626 3079 1757 3140 tantum
1772 3067 1882 3167 ,Vogr'

250 3229 323 3280 esse
341 3218 537 3280 statuerent.
586 3213 753 3282 Rationes
771 3211 897 3301 quibus
914 3209 1102 3303 dijudicari
1124 3209 1232 3296 solet,
1264 3231 1344 3278 num
1363 3229 1487 3279 nenas
1509 3209 1589 3298 quis
1606 3209 1791 3301 peculiaris
1818 3209 1880 3296 sit,

249 3369 292 3416 an
307 3349 354 3416 ad
372 3307 476 3422 aliana
493 3350 665 3439 quandam
685 3351 875 3441 pertineat,
901 3350 1003 3419 nimia
1021 3305 1171 3417 incertae
1190 3355 1225 3416 et
1239 3348 1450 3438 suspiciosae
1465 3357 1561 3434 arnt,
1587 3369 1688 3436 quam
1708 3357 1746 3416 ιιι
1758 3347 1801 3416 iis
1821 3369 1881 3416 nos

250 3485 330 3557 duci
348 3489 526 3580 patiamur.
543 3505 549 3516 ·
576 3487 631 3557 Ex
647 3487 815 3556 anatomia
832 3495 1029 3578 comparata
1049 3487 1233 3574 discimus,
1257 3487 1325 3559 hos
1339 3509 1462 3558 nervos
1479 3490 1514 3557 in
1533 3487 1670 3558 daubus
1683 3488 1883 3558 animalium

249 3628 413 3698 elassibus
431 3629 467 3696 in
484 3648 587 3697 unum
601 3627 675 3696 lere
692 3647 832 3697 nervum
854 3627 958 3696 coire.
1016 3627 1290 3713 llnsarounrrrus‚
1315 3628 1376 3717 qui
1395 3627 1625 3695 mammutium
1646 3625 1884 3695 tantammodo

249 3760 504 3836 Accessorium
521 3774 679 3835 noverat:
704 3763 787 3852 „Le
802 3761 906 3859 nerf,
924 3765 1051 3854 inquit,
1069 3758 1165 3832 n'est
1180 3759 1385 3833 re'ellemant
1399 3787 1471 3858 pas
1487 3760 1635 3834 distinet
1652 3759 1703 3832 du
1722 3759 1766 3831 V
1760 3757 1883 3858 agne?
1940 3763 1945 3772 ’

249 3899 386 3988 Quoto
410 3903 521 3994 magis
544 3903 582 3970 id
605 3902 759 3970 dicturus
782 3910 874 3987 erat,
905 3903 935 3970 si
957 3902 1104 3971 eundem
1132 3902 1168 3970 in
1191 3901 1305 3970 avium
1330 3910 1365 3971 et
1393 3901 1649 3994 amphibiorum
1665 3889 1883 3995 'corporibus

250 4037 420 4109 vidissetl
486 4039 647 4109 Diversae
664 4049 778 4108 antem
801 4039 937 4108 radicas
961 4061 1035 4111 esse
1059 4039 1125 4128 loos
1145 4063 1268 4110 nervos
1293 4040 1394 4110 statui
1418 4053 1603 4134 propterea
1623 4042 1750 4129 dabat,
1788 4043 1882 4133 quod

252 4177 422 4250 diversam
439 4199 523 4268 prae
540 4198 577 4246 se
593 4176 710 4248 ierant
728 4143 891 4248 naturam.
939 4179 988 4250 m
1008 4199 1078 4269 qun
1093 4181 1176 4273 jare
1199 4181 1319 4250 dicum
1342 4183 1534 4273 portionem
1556 4184 1724 4252 minorem
1754 4181 1881 4277 Trige·

251 4319 341 4388 mini
356 4319 400 4388 ad
416 4313 582 4409 ursione·
600 4315 648 4388 ita
663 4319 854 4410 pertinere,
877 4327 917 4388 ut
936 4341 1039 4392 anam
1058 4286 1202 4390 nervum
1226 4321 1451 4422 constituant,
1486 4322 1609 4394 eodem
1622 4321 1704 4414 jure
1722 4323 1816 4390 idem
1836 4317 1885 4390 de

251 4457 471 4532 Accessorr'o
491 4467 527 4530 et
546 4452 657 4553 Vugo
681 4459 754 4530 dici
772 4469 916 4550 oportet
979 4460 1129 4532 Omnino
1151 4461 1398 4558 Trigemirnnn
1415 4461 1505 4530 inter
1526 4470 1562 4530 et
1581 4425 1730 4556 Vagam
1747 4459 1880 4532 Accer-

250 4596 354 4668 sorio
367 4595 550 4687 junctum,
572 4619 706 4670 summa
721 4607 772 4670 ast
786 4600 994 4689 similitudo,
1021 4623 1109 4691 qnae
1126 4621 1236 4670 mmm
1256 4600 1304 4668 de
1318 4596 1541 4672 Accessorio
1558 4609 1596 4669 et
1617 4597 1726 4696 Vogo
1744 4611 1882 4670 senten·

250 4734 333 4804 tiam
354 4736 501 4805 maxime
520 4737 642 4808 tirmat
700 4713 838 4810 Etenim
852 4761 952 4810 nemo
970 4740 1106 4810 dubitat
1120 4739 1288 4831 amplias,
1313 4739 1399 4827 quin
1412 4738 1527 4830 portio
1544 4738 1654 4832 major
1681 4737 1883 4834 Trigemini

252 4871 491 4960 essiones,
520 4877 637 4966 pona
656 4877 767 4948 aanor
787 4877 895 4948 mour
913 4879 1062 4970 paese,
1092 4879 1175 4951 nce
1189 4879 1314 4949 annm
1331 4878 1456 4950 eoam
1472 4845 1549 4949 roeo
1571 4903 1592 4948 e
1611 4877 1753 4969 posticis
1771 4877 1884 4970 vege

250 5011 334 5110 oriri
351 5010 541 5082 videantur.
595 5015 670 5084 Nec
691 5015 830 5107 ignorat
850 5017 1050 5106 qnisquam,
1075 5020 1368 5109 quantumminor
1391 5028 1426 5088 et
1445 5015 1555 5108 major
1573 5017 1687 5109 portio
1710 5025 1882 5088 structura

252 5148 424 5218 differunt
477 5150 598 5219 Portio
619 5161 732 5220 autem
747 5153 860 5222 minor
875 5153 1035 5245 jungitur
1054 5179 1131 5224 cum
1147 5158 1304 5248 partibus
1324 5157 1483 5250 majoris,
1515 5157 1606 5226 unde
1625 5157 1740 5226 existit
1756 5177 1882 5228 norm

251 5289 376 5360 mixtae
398 5299 556 5378 naturae,
588 5301 623 5359 et
639 5291 746 5360 motui
769 5301 804 5361 et
825 5291 1040 5362 sensibilitati
1071 5255 1240 5381 serviens,
1273 5283 1376 5383 atque
1401 5279 1546 5363 motoria
1563 5294 1706 5364 facultas
1729 5294 1878 5386 portioni
