4678 6170
430 770 526 839 mais
542 763 590 838 de
603 764 641 838 la
654 763 873 855 sensibilite,
898 781 932 838 et
940 765 987 838 'la
1002 763 1234 844 distribution
1243 764 1298 840 'dc
1315 763 1355 839 lu
1372 761 1574 868 ciaquiime
1588 769 1699 862 paire
1716 764 1742 838 t
1757 779 1873 839 toutes
1888 763 1940 839 les
1954 765 2061 866 glan·

430 908 496 984 des
511 906 559 979 de
571 907 610 978 la
628 909 716 997 tete,
734 913 861 1010 sarcir
876 931 957 980 aux
972 907 1199 998 lacrimales,
1213 909 1407 1006 parotides
1415 962 1433 1018 ,ι
1441 907 1653 985 maxillairs
1671 925 1751 999 ete,
1772 931 1866 982 nous
1880 933 1906 982 a
1920 909 2066 982 montre'

431 1075 502 1154 que
521 1046 674 1121 laction
693 1054 910 1123 excitatrice
934 1049 999 1124 des
1018 1048 1224 1126 secre'tions
1245 1050 1273 1124 p
1283 1049 1377 1124 aillit
1400 1049 1425 1120 ὰ
1450 1048 1537 1122 celle
1561 1048 1610 1122 de
1628 1049 1667 1120 la
1687 1047 1895 1122 sensibiliti.
1954 1049 1994 1122 ll
2010 1067 2064 1124 est

431 1193 529 1266 done
550 1190 624 1265 tre’s
635 1191 816 1288 probable
832 1187 901 1293 que
915 1192 948 1266 le
960 1192 1057 1292 nerf
1064 1193 1205 1291 spinal,
1230 1215 1279 1266 au
1295 1189 1366 1268 lieu
1385 1187 1421 1260 d
1426 1194 1532 1262 avoir
1545 1193 1775 1289 uniquement
1782 1211 1880 1286 pour
1882 1187 2063 1286 fonction
2136 1265 2140 1270 ,

431 1335 615 1408 d'nnoiter
631 1335 802 1436 quelques
817 1334 967 1408 muscles
980 1335 1206 1438 scapulaires
1223 1334 1336 1434 antiss
1360 1333 1459 1410 clarus.
1475 1332 1513 1408 la
1533 1337 1775 1430 respiration,
1801 1357 1825 1404 a
1846 1337 1948 1406 aussi
1966 1358 2064 1430 pour

432 1473 520 1576 ffet
536 1474 583 1546 de
599 1491 831 1547 transmeare
848 1475 874 1546 ὰ
893 1491 969 1549 tout
988 1475 1021 1547 le
1035 1475 1132 1575 nerf
1138 1479 1484 1576 pneusnogustrique
1501 1489 1539 1546 'et
1553 1497 1630 1572 par
1645 1489 1863 1574 consequent
1884 1497 1964 1546 arax
1973 1498 2066 1571 port·

433 1640 540 1690 mons
566 1633 600 1689 et
619 1643 669 1689 au
686 1640 797 1690 coeur
820 1617 1023 1715 l'irfiuence
1041 1615 1089 1690 de
1105 1635 1202 1692 toute
1218 1633 1311 1722 cette
1327 1617 1503 1716 longueur
1522 1615 1570 1690 de
1588 1615 1626 1688 la
1653 1613 1797 1704 arcade,
1828 1639 1894 1688 sur
1911 1614 2065 1717 laquelle

432 1755 597 1852 sesfilats
613 1755 651 1828 d'
657 1761 802 1856 origine
813 1774 993 1854 prennent
1010 1761 1197 1832 insertion.
1253 1762 1353 1833 Cette
1371 1764 1553 1832 interaion
1577 1759 1603 1830 ὰ
1625 1782 1696 1830 une
1716 1757 1800 1855 plna
1815 1757 1962 1856 grande
1984 1757 2063 1832 lon·

431 1921 547 1998 gueur
561 1898 612 1970 du
624 1897 781 1999 systeme
794 1899 948 1973 cerebro
957 1899 1104 1997 -spinal
1120 1917 1154 1973 et
1169 1869 1375 1998 l'irfiuence
1392 1897 1482 1999 qu'il
1495 1921 1627 1972 exerce
1643 1923 1708 1971 sur
1719 1897 1757 1970 la
1770 1902 1993 1994 respiration
2012 1915 2064 1972 est

432 2063 503 2111 une
512 2054 618 2111 autre
628 2043 758 2112 raison
773 2038 820 2111 de
835 2064 882 2112 ne
892 2063 966 2138 pas
981 2038 1165 2140 negliger,
1190 2039 1287 2116 dans
1303 2041 1413 2116 lectu
1424 2040 1490 2116 des
1499 2040 1672 2114 ne'rroses
1684 2041 1731 2114 de
1743 2043 2065 2134 cettessonctions,

434 2175 692 2275 l'application
707 2177 755 2250 de
767 2178 937 2253 revulsirs
951 2179 977 2249 ὰ
993 2179 1031 2250 la
1038 2185 1163 2276 partie
1178 2178 1488 2280 correspondente
1505 2181 1553 2256 de
1564 2179 1602 2254 la
1619 2179 1782 2254 columne
1797 2181 2028 2254 uertebralel'

532 2323 632 2393 Idem
657 2325 752 2413 quod
771 2327 1040 2412 Dnsnonnmms,
1064 2325 1128 2395 sed
1146 2327 1253 2396 multo
1273 2328 1461 2428 praecisius
1480 2328 1628 2396 Bacaaa
1651 2322 1702 2418 13)
1727 2329 1762 2396 in
1783 2329 2067 2399 commentatione

434 2463 481 2532 ad
500 2467 734 2572 quaestionem
756 2468 1037 2562 physiologicam
1058 2467 1231 2539 facultatis
1251 2469 1407 2540 medicae
1428 2471 1625 2540 academiae
1643 2467 1798 2540 Itteno-
1815 2467 2067 2566 Trnjectinae,

435 2605 481 2675 de
495 2602 717 2676 Accessorio
735 2608 896 2699 disputat.
944 2608 1120 2699 Expositis
1137 2610 1228 2679 enim
1244 2613 1346 2682 variis
1362 2582 1594 2684 iunbtionibus
1609 2615 1817 2706 poeticarum
1833 2623 1867 2681 et
1879 2613 2066 2682 anticorum

435 2749 591 2819 radicum
609 2772 791 2852 nervorum
813 2751 986 2820 medullae
1011 2753 1172 2844 spinalis,
1204 2761 1239 2820 et
1258 2755 1469 2844 poeticarum
1493 2755 1751 2843 anticnrumqne
1775 2753 1931 2847 ejusdem
1949 2753 2068 2846 virga·

434 2915 529 2982 rum,
563 2917 708 2984 quarum
735 2896 816 2965 illae
849 2895 1083 2984 sensibilitati,
1121 2894 1189 2966 bae
1216 2898 1358 2966 motioni
1384 2906 1598 2990 pinnensem,
1633 2897 1769 2983 statuit,
1798 2918 1917 2966 omncs
1946 2917 2067 2966 nervos

436 3035 631 3106 cerebrales
650 3057 808 3127 quoque,
845 3039 905 3125 qui
932 3060 954 3104 a
971 3037 1104 3128 postica
1125 3045 1225 3129 parte
1249 3038 1422 3108 medullae
1440 3039 1583 3130 spinalis
1610 3039 1800 3124 orirentur,
1834 3036 2067 3122 sensibilitati,

437 3177 497 3265 qui
523 3176 567 3244 ab
592 3179 724 3263 antica,
758 3179 941 3247 mobilitati
971 3201 1139 3271 praeesse.
1197 3180 1318 3268 ltaque
1348 3201 1428 3250 cum
1450 3174 1690 3249 Accessorius
1714 3203 1735 3245 a
1761 3180 1894 3269 postica
1922 3179 2069 3248 oriretur

437 3323 553 3405 parte,
577 3315 794 3418 sensibilitati
817 3341 895 3386 eum
916 3321 1056 3408 servire,
1116 3313 1292 3414 „Dffert
1313 3342 1475 3419 quoque,
1510 3321 1639 3410 inquit,
1669 3321 1856 3392 uariorum
1879 3342 2070 3392 nervorum
2157 3333 2162 3344 ’

426 3450 597 3550 fisnctiO,
626 3460 751 3551 prouti
775 3474 950 3553 exparte
971 3463 1097 3530 antica
1120 3457 1177 3530 vel
1188 3461 1334 3555 postica
1357 3451 1566 3556 systematis
1590 3458 1926 3556 cerebro-spinalis
1940 3482 2073 3555 proue-

437 3602 549 3671 niunt.
597 3595 698 3671 Hinc
717 3605 819 3673 nerui
840 3568 1087 3700 Hypoglossi,
1106 3599 1296 3688 Faciales,
1317 3598 1567 3688 Abducentes,
1587 3601 1842 3672 Masticatorii
1862 3601 2071 3692 (portiones

394 3790 398 3802 ι
439 3744 616 3836 minores)
641 3758 751 3844 atque
773 3743 880 3816 Oculi
898 3747 1067 3833 motorii,
1093 3745 1248 3815 motioni
1258 3756 1457 3836 praesunt,·
1482 3741 1570 3812 ltine
1588 3739 1799 3813 Accessorii
1814 3753 1848 3808 et
1871 3739 2073 3834 Trigemini

438 3887 644 3981 (portiones
651 3889 830 3987 majores)
843 3885 1115 3960 sensibilitatem
1124 3881 1355 3986 diffitndunt3
1369 3879 1455 3952 binc
1462 3877 1530 3954 alii
1536 3883 1632 3950 inter
1638 3893 1825 3978 utrumque
1832 3875 1978 3951 limitem
1984 3903 2074 3976 pro·

439 4023 854 4121 venientesfiurctionem
872 4029 1028 4099 mixtam
1040 4024 1179 4099 babere
1194 4023 1380 4113 ridentur,
1399 4028 1453 4095 uti
1474 4021 1844 4120 Glossoplraryngeus
1858 4038 1892 4095 et
1906 4021 1952 4095 V
1944 4028 2017 4124 agi.
2024 4021 2042 4052 ’'

538 4168 729 4239 Sennasius
751 4159 803 4260 Μ)
833 4173 867 4240 in
891 4171 983 4241 libro
1006 4193 1069 4240 suo
1094 4171 1139 4240 de
1160 4169 1329 4239 anatomia
1354 4175 1550 4256 comparata
1571 4165 1728 4252 cerebri,
1761 4168 1869 4235 multa
1897 4191 1917 4236 a
1944 4167 2073 4236 cauo

441 4319 630 4398 mutuatus,
665 4311 701 4378 in
722 4333 821 4380 suum
841 4321 989 4404 systema
1010 4311 1191 4379 transtulit
1253 4303 1509 4377 Accessorium
1537 4328 1678 4376 nervum
1709 4307 1795 4376 dicit
1821 4308 1972 4377 medium
2000 4327 2074 4375 esse

443 4451 531 4519 inter
553 4473 675 4521 nervos
693 4453 889 4528 cerebrales
908 4465 942 4522 et
959 4453 1127 4543 spinales,
1153 4470 1215 4518 nec
1232 4449 1306 4517 lere
1324 4449 1513 4539 quidquam
1530 4450 1625 4518 aliud
1646 4451 1691 4519 de
1709 4449 1886 4534 coaddit,
1915 4448 1980 4516 nisi
1999 4447 2073 4517 lere

442 4590 550 4660 baec:
581 4587 664 4679 „Sa
683 4591 851 4681 marclre,
877 4595 1005 4684 inquit,
1030 4614 1055 4660 a
1074 4588 1260 4684 beaucoup
1265 4584 1414 4686 fiappe'
1432 4587 1484 4662 les
1500 4591 1738 4675 anatomists,
1759 4582 1931 4686 parceqil
1940 4583 2006 4657 elle
2023 4600 2076 4658 est

445 4757 488 4803 en
506 4733 593 4830 effet
619 4731 694 4806 tres
717 4735 925 4834 singulidre.
985 4733 1064 4809 Soit
1086 4731 1201 4835 qu'on
1219 4732 1253 4805 le
1276 4725 1468 4803 considere
1495 4751 1632 4800 comme
1651 4705 1812 4824 prenant
1835 4749 1905 4832 son
1931 4731 2076 4825 origine

444 4898 508 4946 sur
526 4877 565 4948 la
583 4877 709 4950 moelle
727 4876 907 4974 epiniere,
939 4902 987 4949 ou
1007 4901 1145 4949 comme
1165 4887 1296 4948 venant
1305 4896 1340 4968 y
1356 4869 1519 4967 prendre
1539 4893 1609 4942 son
1629 4873 1826 4959 insertion,
1860 4893 1910 4941 on
1936 4893 1984 4942 ne
2004 4871 2076 4941 voit

446 5059 674 5077 ——1-1

478 5156 528 5223 13)
544 5158 656 5211 Bacm
671 5161 691 5210 l.
704 5161 723 5211 l.
742 5179 766 5229 p.
783 5161 845 5214 llo.

479 5264 529 5331 14)
544 5265 650 5320 Sanum
665 5267 685 5320 l.
704 5268 722 5320 l.
737 5268 773 5321 Τ.
790 5269 811 5320 L
828 5285 853 5336 p.
869 5265 931 5321 5⁰⁰.
