4678 6170
259 826 351 897 enin
376 825 476 896 nimis
499 825 548 894 ita
579 845 701 894 amco
719 825 896 915 proposito
927 824 1144 917 digressurus
1171 823 1246 892 sim.
1315 823 1475 895 Breviter
1501 827 1635 914 dicam,
1668 829 1754 918 qnid
1777 829 1822 898 dc
1840 853 1883 900 eo

257 965 411 1036 sentiam.
469 963 590 1053 ltaque
612 962 732 1055 negari
754 963 812 1030 vix
836 984 937 1054 posse
958 985 1101 1052 censeo,
1133 962 1257 1032 Bnnnu
1281 975 1447 1053 systema,
1478 965 1606 1053 siquis
1629 968 1820 1036 accuratius
1844 969 1882 1036 in·

258 1103 345 1173 illud
367 1102 600 1194 inquisiverit,
636 1122 700 1169 non
721 1123 763 1168 ex
781 1101 874 1168 omni
890 1109 988 1192 parte
1009 1102 1192 1192 probatum
1216 1101 1269 1168 iri.
1304 1139 1348 1152 -
1395 1100 1623 1188 Mansuetus,
1647 1103 1769 1189 Maro,
1792 1103 1882 1174 um-

257 1261 350 1326 nrus,
374 1241 651 1308 Escnnurcrmms
677 1237 754 1323 alii,
786 1237 1083 1309 observationibus
1109 1239 1183 1308 snis'
1205 1239 1426 1308 fundamenta
1450 1240 1555 1332 hujus
1581 1243 1772 1330 systematis
1798 1263 1880 1311 con-

257 1379 442 1464 cutientes,
466 1386 709 1463 monstrarunt,
733 1375 891 1446 anrmr
914 1379 1045 1448 ratione
1062 1399 1121 1446 sua
1140 1377 1246 1446 semel
1266 1377 1368 1461 inita,
1393 1398 1434 1444 eo
1452 1377 1639 1470 adductum
1656 1399 1747 1464 esse,
1771 1379 1881 1465 utiis‚
1951 1371 1954 1376 ’

258 1539 347 1604 quae
362 1523 474 1584 mente
494 1515 567 1584 sola
587 1515 815 1607 excogitasset
838 1514 937 1584 nimis
960 1515 1146 1610 indulgens
1171 1513 1440 1584 observationem
1468 1524 1503 1584 ct
1529 1516 1771 1607 experientiam
1786 1517 1882 1608 justo

256 1655 334 1744 plns
356 1654 558 1747 negligeret.
614 1652 687 1722 Sed
704 1653 875 1742 quidquid
896 1663 962 1740 est,
995 1653 1083 1722 illud
1101 1652 1293 1720 immortale
1312 1649 1387 1741 ejus
1406 1654 1565 1720 meritum
1582 1653 1751 1740 manebit,
1787 1655 1882 1742 quod

257 1791 294 1859 in
313 1789 526 1878 differentia,
550 1813 638 1880 qnae
658 1800 708 1860 est
727 1777 815 1860 inter
836 1811 978 1876 nervos,
1001 1798 1106 1881 prout
1122 1789 1336 1859 sensibilitati
1355 1797 1413 1858 aut
1427 1765 1568 1859 motioni
1587 1800 1766 1882 praesunt,
1789 1811 1881 1860 sunr-

258 1953 348 1998 mam
367 1931 560 2021 systematis
583 1931 635 2000 sui
660 1931 795 2022 posuit,
830 1951 972 2017 eamque
1002 1930 1183 2021 permultis
1206 1928 1499 1998 observationibus
1526 1930 1745 1999 confirmavit.
1801 1929 1883 1998 uam
1996 1925 2000 1932 ’

258 2067 482 2156 antiquissimi
502 2059 702 2160 physiologi
725 2075 977 2159 cognoverant,
1015 2090 1089 2136 earn
1116 2067 1185 2134 vim
1211 2066 1367 2152 vitalem,
1404 2089 1491 2156 qnae
1518 2069 1726 2138 tribueretur
1753 2069 1884 2154 nervis,

258 2209 478 2298 compositam
503 2228 576 2276 esse
604 2209 790 2298 praecipue
820 2229 862 2276 ex
880 2208 1028 2276 motione
1055 2208 1090 2274 e't
1117 2206 1351 2276 sensibilitate.
1409 2208 1514 2298 Apud
1540 2207 1713 2277 Garmuurr
1737 2210 1884 2302 vestigia

258 2345 436 2414 manifesta
459 2345 693 2436 reperiuntur,
719 2367 761 2412 ex
781 2343 906 2432 quibus
925 2343 1131 2434 intelligitur
1156 2343 1222 2419 has
1241 2344 1325 2414 duas
1343 2355 1525 2413 ne'rvornm
1544 2346 1723 2416 facultates
1747 2356 1882 2416 avete·
1974 2357 1978 2364 '

257 2484 365 2559 ribus.
375 2485 549 2556 distinctas
569 2506 662 2566 csse,
698 2493 732 2551 et
751 2505 856 2573 opera
877 2505 919 2560 ao
937 2483 1051 2551 studio
1077 2484 1435 2552 excellentissimorum
1455 2486 1720 2554 anatomicorum
1741 2495 1775 2554 et
1792 2486 1883 2576 phy-

257 2625 488 2717 siologorum,
513 2648 551 2694 re
569 2623 760 2714 accuratius
781 2623 977 2714 explorata,
1001 2623 1132 2710 aliquot
1149 2621 1261 2688 nervis
1280 2621 1397 2689 alteris
1415 2622 1522 2689 altera
1540 2621 1664 2690 barum
1683 2621 1883 2691 facultatum

257 2760 383 2830 tributa
404 2771 463 2830 est
512 2761 582 2830 Sed
600 2770 712 2830 tamen
731 2758 878 2829 Benmus
897 2759 1030 2850 primus
1051 2779 1167 2826 omnes
1187 2757 1498 2848 humani'carporis
1518 2781 1657 2847 nervos,
1682 2761 1804 2851 paucis
1823 2783 1883 2830 ex-

257 2900 383 2990 eeptis,
415 2908 474 2968 aut
499 2897 715 3002 sensibilitati
741 2907 800 2967 rut
822 2897 964 2966 motioni
992 2897 1121 2967 servire
1151 2895 1313 2964 decrevit
1373 2897 1474 2964 ldem
1499 2895 1704 2964 convincere
1734 2897 1883 2982 studuit,

257 3037 373 3106 naturi
392 3040 596 3128 plerumque
618 3038 749 3124 duabus
771 3036 842 3105 illis
862 3057 1042 3105 nervorum
1062 3033 1282 3102 facultatibus
1306 3033 1406 3103 binos
1428 3056 1554 3123 eosque
1581 3035 1735 3104 diversos
1760 3053 1883 3104 nervos

259 3179 537 3269 essepraeditos,
575 3188 695 3266 atque,
729 3177 760 3246 si
777 3176 848 3245 bini
870 3177 964 3245 nervi
987 3174 1032 3244 ad
1052 3195 1156 3243 unnm
1176 3195 1327 3266 organon
1349 3195 1386 3242 se
1414 3174 1626 3261 conferrent,
1659 3175 1743 3245 inde
1766 3175 1883 3264 sequi,

258 3336 323 3384 non
348 3323 384 3384 nt
403 3317 508 3407 dupla
524 3317 574 3384 ibi
594 3325 682 3386 esset
702 3337 883 3384 nervorum
897 3317 965 3401 vis,
990 3314 1052 3384 sed
1070 3311 1303 3378 tantummodo
1328 3321 1366 3378 nt
1387 3311 1507 3400 ambae
1531 3310 1610 3382 iliae
1630 3310 1808 3380 facultates
1828 3311 1884 3380 bis

256 3453 345 3522 binis
366 3453 479 3524 nervis
496 3462 838 3544 repraesentarentur.
887 3451 983 3521 Haec
1001 3451 1123 3520 annr
1144 3454 1333 3537 sententia,
1352 3474 1453 3540 qnam
1475 3453 1512 3519 in
1536 3455 1727 3521 universum
1749 3453 1794 3520 de
1812 3460 1884 3522 toto

257 3601 439 3662 nervorum
459 3598 641 3682 systemate
670 3591 812 3675 tulerat,
846 3597 880 3656 et
908 3587 1104 3679 conjectura
1132 3592 1205 3658 sola
1235 3590 1343 3658 fretus
1371 3590 1541 3660 etiamad
1566 3613 1687 3686 nervos
1712 3591 1883 3660 medullae

256 3733 397 3821 spinalis
422 3731 658 3823 applicuerat,
695 3729 879 3798 Munnrnu
905 3728 1201 3798 observationibus
1220 3737 1253 3795 et
1276 3727 1516 3818 experimentis
1542 3729 1586 3796 ad
1606 3728 1671 3798 hos
1693 3728 1786 3820 ipsos
1808 3750 1883 3796 me·

258 3866 372 3934 dullae
388 3867 528 3956 spinalis
546 3888 668 3936 nervos
685 3866 866 3951 translata,
892 3875 927 3933 et
942 3865 1089 3958 egregie
1109 3863 1330 3953 comprobata
1348 3873 1418 3946 est;
1456 3873 1557 3952 atque
1579 3865 1654 3954 ipse
1677 3865 1884 3933 Massurius

257 4012 292 4072 et
308 4003 527 4094 postmodnm
546 4023 660 4072 rursus
678 4001 825 4070 ernus
847 3959 976 4088 aliique
1001 4007 1080 4091 post
1103 4021 1180 4066 enrn
1199 3998 1400 4092 physiologi
1426 4009 1631 4093 arguerunt,
1658 4001 1800 4071 eandem
1816 4002 1884 4070 dii-

256 4139 456 4227 ferentiam,
489 4161 576 4226 quae
602 4147 690 4210 esset
719 4159 916 4223 nervorum,
955 4159 1028 4208 esse
1062 4139 1164 4208 etiam
1191 4141 1280 4208 inter
1311 4141 1463 4210 diversas
1493 4163 1675 4212 nervorum
1699 4144 1884 4234 spinalinm

256 4279 411 4363 radices,
449 4287 486 4348 ut
511 4278 665 4369 posticae
692 4278 926 4366 sensibilitati,
959 4279 1090 4347 anticae
1118 4277 1260 4344 motioni
1289 4289 1506 4366 praeessent;
1542 4273 1634 4349 unde
1661 4281 1815 4364 evenire,
1846 4288 1884 4348 ut

258 4416 403 4486 dissecta
421 4416 647 4486 una-alterave
661 4413 796 4499 radice,
821 4436 890 4482 nna
905 4417 1055 4488 alterave
1073 4415 1208 4482 illarum
1227 4414 1425 4482 iacnltatnm
1445 4415 1631 4483 tolleretur.

354 4551 470 4643 Hujus
487 4553 538 4622 rei
554 4525 683 4620 novitas
696 4550 770 4620 iere
786 4549 917 4638 ubique
936 4553 1098 4620 excitavit
1113 4553 1227 4621 studia
1246 4552 1513 4622 anatomicorum
1532 4563 1566 4621 et
1580 4553 1882 4647 physiologornm,

257 4699 295 4758 ut
316 4689 437 4776 inimo
455 4691 653 4780 quaestione
673 4690 853 4758 maximam
869 4711 1009 4780 operam
1029 4689 1246 4759 collocarent.
1303 4689 1484 4774 Scribere,
1510 4689 1721 4782 disceptare,
1747 4693 1884 4782 experi-

257 4837 370 4898 menta
388 4827 503 4897 facere
527 4831 562 4898 in
582 4830 738 4899 vivorum
756 4827 948 4896 animalium
966 4826 1188 4918 corporibus,
1221 4836 1260 4896 ut
1279 4849 1335 4897 res
1356 4829 1440 4896 tanti
1461 4832 1622 4900 momenti
1647 4830 1691 4898 ad
1712 4831 1883 4918 liquidum

258 4963 395 5034 tandem
415 4965 672 5055 perduceretur.
728 4967 782 5034 lie
802 4965 1010 5054 quibusdam
1029 4965 1141 5035 nervis
1161 4963 1344 5034 vehemens
1364 4967 1540 5036 contentio
1556 4978 1630 5034 orta
1652 4977 1725 5048 est;
1766 4990 1883 5037 verum

257 5115 371 5172 nmen
398 5104 591 5172 etiamnunc
619 5105 774 5192 quaestio
805 5067 956 5172 nondum
989 5103 1144 5172 diremta.
1205 5101 1283 5188 Quo
1302 5103 1412 5194 magis
1441 5111 1596 5198 constat,
1629 5103 1664 5172 in
1691 5104 1883 5175 universum

258 5265 380 5336 reapse
401 5243 449 5313 ita
470 5241 580 5312 dividi
593 5229 698 5334 'posse
721 5263 861 5329 nervos,
894 5251 933 5311 ut
950 5242 1009 5311 aiii
1030 5240 1266 5323 sensibilitati,
1299 5241 1358 5310 alii
1379 5244 1484 5311 motui
1510 5243 1680 5333 praesint,
1712 5266 1752 5314 eo
1773 5245 1883 5335 magis
