4678 6170
448 789 618 880 praesint,
642 793 759 857 contra
777 787 838 875 qui
853 786 898 854 ab
914 788 1040 873 antica,
1063 787 1129 856 soli
1144 785 1250 854 motui
1265 786 1422 856 serviam
1471 787 1519 854 At
1533 803 1616 854 vero
1628 785 1784 856 videmus
1802 786 1842 855 id
1859 809 1923 857 noo
1941 788 2066 859 cadere

450 928 484 994 io
516 923 677 1020 Vagam,
711 924 985 1011 admemoriam,
1008 919 1429 1019 Δ(ἷίοιιορἸιανχηςιιιιιιι,
1462 919 1668 1010 Facialem,
1696 946 1739 993 ne
1760 924 1797 992 in
1827 887 2076 1018 lligeminam·

346 1125 350 1134 .
429 1093 432 1100 ¹
450 1064 602 1153 quidem.
663 1060 885 1133 Accesorius
909 1063 1017 1149 enim,
1052 1063 1115 1130 etsi
1144 1085 1164 1130 o
1190 1061 1332 1152 posticis
1355 1061 1587 1129 tantammodo
1608 1039 1940 1152 modullaa'spinalis
1958 1064 2070 1154 'virgis

449 1200 534 1268 oriri
552 1197 727 1284 videatur,
759 1199 939 1267 maximam
954 1205 1065 1266 tamen
1082 1209 1216 1288 partem
1238 1201 1283 1266 ad
1301 1201 1470 1267 musculos
1486 1199 1616 1284 tendit,
1648 1200 1797 1288 ideoque
1814 1221 1937 1268 nervus
1958 1209 2068 1268 moto-

448 1337 521 1405 rius
541 1335 798 1403 babendnsest.
857 1335 971 1403 Etiam
997 1329 1144 1428 Vagus,
1177 1356 1380 1422 quamquam
1403 1359 1424 1402 a
1443 1337 1524 1404 solis
1546 1336 1688 1426 posticis
1708 1335 1817 1427 virgis
1837 1335 1973 1404 radices
1991 1357 2067 1406 sues

435 1494 553 1565 ,agere
573 1472 747 1557 videatur,
781 1472 943 1548 motorius
966 1491 1088 1540 nervus
1114 1470 1228 1558 aliqua
1248 1441 1390 1559 quidem
1414 1481 1570 1562 exparte
1593 1473 1705 1542 dictus
1730 1481 1788 1544 est
1842 1467 2068 1564 Glossopbu·

447 1632 622 1707 ryngeum
639 1632 795 1699 quoque,
819 1632 839 1676 a
853 1609 995 1699 posticis
1011 1595 1093 1677 licet
1109 1609 1218 1700 virgis
1234 1610 1434 1696 oriundum,
1453 1612 1602 1699 ideoque
1617 1631 1755 1680 nemum
1773 1611 1837 1680 soli
1854 1611 2067 1680 sensibilitati

327 1821 330 1826 ,
446 1750 642 1831 addictum,
667 1759 780 1818 umen
794 1749 920 1817 scimus
935 1748 981 1816 ad
996 1750 1165 1818 musculos
1181 1749 1320 1839 linguae
1339 1755 1373 1815 et
1387 1747 1577 1840 pharyngis
1593 1748 1768 1853 accedere.
1815 1747 1950 1846 Eodem
1960 1748 2064 1816 modo

447 1909 502 1957 res
520 1886 679 1956 sehabet
705 1886 800 1974 quod
824 1886 869 1954 ad
887 1883 1076 1992 Facialem
1098 1896 1132 1954 et
1153 1887 1344 1975 portionem
1367 1886 1533 1954 minorem
1558 1885 1759 1980 Trigemini
1781 1886 1908 1954 attinet
1968 1887 2064 1971 Quae

445 2047 524 2096 cum
539 2028 588 2094 ita
604 2026 688 2111 sint,
718 2025 771 2093 ias
791 2033 842 2092 cst
859 2025 1037 2111 dubitare,
1073 2047 1116 2093 an
1136 2045 1256 2115 reapse
1274 2024 1330 2090 lex
1348 2023 1407 2091 illa
1427 2025 1528 2092 etiarn
1549 2025 1585 2091 in
1602 2024 1753 2094 medulla
1771 2024 1957 2116 oblongata
1976 2024 2067 2115 ojus·

445 2187 512 2253 que
532 2149 781 2232 continuatione
805 2170 938 2254 regnet.
986 2161 1043 2228 Ad
1065 2160 1129 2230 has
1156 2183 1294 2250 quoque
1318 2160 1537 2229 diliicltates
1549 2161 1790 2252 expediendas
1817 2162 1942 2264 dpcem
1966 2164 2072 2238 nobis,

444 2325 480 2371 se
500 2302 643 2391 praebet
661 2301 836 2368 anatomia.
892 2298 979 2366 Cum
1002 2299 1092 2365 onim
1111 2298 1249 2387 pridem
1268 2306 1382 2364 notum
1404 2307 1509 2383 esset,
1541 2299 1657 2390 virgas
1676 2300 1847 2368 medullae
1861 2300 2001 2390 spinalis
2015 2297 2018 2304 '
2030 2303 2065 2367 in

319 2503 321 2509 .
444 2438 629 2506 medullam
645 2436 865 2528 oblongatam
889 2445 1064 2526 porrectas
1089 2436 1248 2504 adextra
1264 2435 1495 2506 slnistrorsum
1519 2446 1553 2505 et
1572 2459 1686 2506 rursus
1709 2438 1878 2506 asinistra
1906 2437 2062 2530 dextror-

444 2599 519 2644 sum
536 2597 574 2643 se
592 2595 726 2658 secare,
751 2595 838 2642 nunc
857 2574 995 2643 demum
1015 2572 1217 2659 Aaronom,
1243 2573 1307 2640 Vir
1325 2573 1594 2660 laudatissimus,
1618 2575 1829 2659 observavit,
1853 2573 1959 2662 idque
1978 2577 2061 2663 quin

426 2715 480 2790 ⁴in
501 2713 653 2782 medinm
670 2709 880 2802 proferrem,
905 2733 970 2801 pro
987 2731 1115 2778 summa
1136 2733 1203 2799 qna
1220 2711 1280 2776 ille
1300 2734 1384 2804 erga
1398 2735 1454 2780 me
1472 2722 1522 2780 est
1538 2707 1774 2790 benevolentia
1794 2736 1861 2781 non
1877 2715 2062 2796 recusavit3

443 2853 473 2920 is
496 2851 602 2946 igitur
623 2850 689 2917 Vir
711 2849 796 2918 mihi
819 2823 1063 2917 dilectissimus
1086 2847 1295 2933 observarit,
1340 2843 1404 2916 illo
1430 2849 1509 2940 ipso
1536 2843 1616 2916 loco
1639 2844 1813 2917 medullae
1844 2845 2063 2944 oblongatae

347 2961 351 2972 ¹
441 2990 565 3082 virgas
584 2981 762 3056 medullae
773 2981 945 3079 spinalis,
977 2981 1025 3054 ab
1042 2988 1167 3054 antica
1186 3007 1329 3082 quoquc
1338 3000 1448 3079 parte
1461 2986 1639 3080 posticam
1658 3009 1798 3075 uersus,
1832 3003 1866 3056 et
1882 3011 1907 3055 a
1918 2993 2062 3082 postica

442 3146 568 3194 rursus
595 3125 756 3193 anticam
779 3144 901 3193 versus
922 3143 1049 3192 secare
1076 3143 1171 3208 sese,
1204 3144 1354 3218 euinque
1380 3145 1455 3192 rem
1480 3125 1736 3217 praeparatis,
1767 3145 1862 3219 quae
1880 3121 2061 3218 possidet,

363 3247 366 3254 ’
443 3263 587 3358 egregie
614 3257 811 3330 iHustravr't.
1149 3255 1153 3262 ’

540 3403 617 3471 Hac
633 3371 868 3471 observatione
888 3402 1056 3469 dubitatio
1073 3402 1238 3489 quidem,
1262 3390 1349 3488 q'uae
1369 3402 1559 3470 Maemanro
1581 3403 1713 3473 idcirco
1730 3404 1856 3494 opponi
1874 3413 1925 3472 est
1944 3404 2060 3487 solita,

439 3538 533 3629 quod
550 3541 659 3631 virgis
674 3540 847 3608 medullae
869 3519 1013 3630 spinalis*
1027 3537 1101 3626 ejus
1120 3539 1282 3607 sententia
1301 3541 1551 3608 accommodari
1571 3564 1634 3608 non
1652 3551 1783 3630 posset,
1807 3561 1946 3631 prorsus
1964 3541 2058 3640 tolli·

437 3685 502 3745 tur.
562 3675 729 3744 Arbitrati
754 3677 912 3743 nimirum
941 3686 1021 3744 sunt
1044 3698 1210 3764 perquam
1231 3659 1304 3742 css'e
1324 3694 1406 3742 vero
1429 3673 1603 3758 absimile,
1636 3676 1782 3763 posticas
1802 3675 1936 3767 virgas,
1971 3698 2059 3763 quae

437 3813 484 3882 ad
503 3777 731 3898 cerebellum,
757 3813 851 3901 quod
869 3815 985 3900 quanti
1003 3822 1091 3882 esset
1112 3814 1157 3880 ad
1176 3833 1310 3880 omnem
1332 3819 1462 3877 motum
1484 3810 1663 3895 momenti,
1697 3812 1926 3900 experimenta
1945 3811 2058 3880 Funu-

438 3968 566 4035 nensrr,
597 3950 798 4036 Mnocsnrr,
832 3952 1076 4034 Leannnorsrr,
1108 3950 1250 4019 aliorum
1287 3951 1388 4020 satis.
1405 3951 1618 4035 docuissent,
1656 3950 1891 4036 sensibilitati,
1932 3953 2058 4020 anticas

437 4093 549 4182 autem
576 4086 710 4177 virgas,
747 4087 896 4175 quaein
923 4086 1087 4173 cerebro,
1123 4051 1599 4156 sensibilitatis-nobilissima
1627 4086 1730 4173 sede,
1766 4090 2057 4172 continuarentur,

436 4221 542 4289 motui
562 4242 729 4311 praeesse.
785 4215 970 4311 verumne
988 4223 1076 4292 baec
1092 4222 1245 4312 objectio
1270 4245 1349 4292 sane
1368 4225 1485 4312 gravis
1503 4222 1578 4313 jam
1605 4225 1738 4293 sublata
1753 4218 1833 4311 est,
1865 4227 1913 4294 ita
1929 4213 2058 4294 somma

437 4359 606 4429 dubitatio
626 4371 780 4429 movetur
801 4384 841 4429 an
866 4361 958 4449 quod
980 4361 1189 4430 Maeandrus
1213 4363 1375 4446 tradidit,
1411 4363 1512 4430 etiam
1538 4363 1583 4431 de
1609 4366 1736 4434 antica‘
1750 4377 1784 4432 et
1809 4365 1938 4453 portica
1959 4372 2058 4450 parte

292 4513 294 4517 ’
435 4483 607 4570 medullae
619 4479 827 4591 oblongatae
843 4495 986 4587 ejusque
1002 4498 1251 4566 continuatione
1269 4499 1371 4566 statui
1385 4499 1501 4587 possit.
1552 4500 1639 4568 Cum
1659 4501 1747 4568 enim
1762 4501 1880 4588 virgae
1895 4497 1963 4566 hoc
1980 4499 2058 4568 loeo

425 4635 670 4722 dextrorsum,
693 4621 941 4721 sinistrorsum,
966 4638 1112 4706 anticam
1134 4639 1300 4726 posticam
1324 4657 1441 4704 versus
1465 4657 1501 4707 so
1527 4627 1674 4704 invicem
1697 4613 1828 4718 secant,
1861 4644 1954 4702 tanta
1977 4635 2057 4706 inde

436 4774 544 4843 oritur
561 4775 737 4867 virgarum
756 4776 927 4845 medullae
943 4776 1084 4865 spinalis
1101 4772 1312 4856 decussatis,
1338 4779 1375 4839 ut
1394 4771 1494 4838 statui
1516 4737 1709 4857 neutiquam
1726 4769 1851 4858 possit,
1875 4793 1901 4837 a·
1913 4775 2056 4859 quaram

332 4983 334 4990 ,
436 4909 610 5000 virgarum
628 4911 695 4980 iilis
714 4895 1056 4999 quisque‘nervoram
1076 4911 1223 4990 oriatur3
1250 4930 1330 4978 narn
1351 4905 1589 4978 Accessorius
1607 4929 1627 4974 a
1645 4907 1786 4996 posticis
1800 4929 1842 4976 an
1858 4909 1902 4976 ab
1917 4911 2054 4993 catinis,

440 5043 486 5118 V
478 5070 571 5142 ugus
584 5052 627 5118 ab
638 5052 760 5120 antieis
774 5075 817 5122 an
832 5075 852 5119 a
867 5051 1009 5141 posticis
1023 5050 1201 5140 proveniat
1217 5059 1280 5118 etc.
1328 5048 1449 5135 ltaque
1459 5045 1598 5114 decerni
1608 5045 1732 5133 debet,
1756 5060 1814 5117 aut
1830 5047 1925 5118 illam
1939 5050 2053 5140 legem

435 5185 504 5256 huo
525 5207 593 5256 non
608 5186 801 5277 pertinere,
819 5195 878 5256 aut
897 5187 1186 5268 radicasillorunr
1203 5208 1404 5275 nervorum,
1421 5187 1481 5276 qui
1496 5185 1647 5276 speciem
1661 5207 1702 5259 ac
1716 5187 1785 5256 vim
1800 5209 1932 5279 praese
1945 5189 2055 5258 lerant
