4678 6170
441 811 655 896 mirum,
685 809 836 878 nondun
857 810 1061 903 configite,
1094 816 1134 876 ut
1157 825 1283 876 omncs
1300 805 1396 877 nervi
1420 804 1491 874 boc
1513 805 1591 896 ipso
1615 805 1755 874 nomios
1779 804 2066 876 ‹iiscemerenm

444 949 661 1019 commum
682 948 849 1034 udone,
882 969 1000 1016 rursm
1026 946 1157 1024 fuciunt
1181 944 1419 1034 exceptionum
1452 953 1587 1034 ponunt
1612 964 1735 1012 nervos
1754 963 1831 1012 osse
1855 943 1986 1012 mixtus
2007 967 2068 1014 ua·

442 1098 561 1166 uum
592 1085 720 1154 omn
741 1086 844 1154 ctiam
866 1104 955 1152 nunc
974 1084 1191 1153 doeidmtur
1205 1103 1312 1150 uuum
1330 1080 1472 1170 aliquod
1491 1081 1720 1172 principium,
1751 1101 1822 1168 quo
1845 1077 1933 1152 buno
1961 1103 2071 1170 quse-

443 1227 511 1294 stio
535 1225 758 1315 dijudicetur.
1155 1217 1163 1228 ’

541 1361 646 1446 Quod
664 1361 696 1428 si
713 1360 866 1429 breviter
884 1380 1051 1428 mmmm
1067 1358 1397 1449 comprehendamus
1416 1381 1556 1445 eorum,
1580 1381 1669 1448 quae
1687 1360 1734 1427 de
1750 1359 1817 1428 bac
1834 1383 1872 1428 re
1892 1360 2072 1450 bucmque

444 1501 649 1592 inrestiguta
664 1509 764 1586 suut,
788 1499 984 1568 videbimus
1000 1499 1167 1588 plurimos
1184 1498 1220 1565 in
1237 1520 1279 1568 eo
1299 1500 1511 1584 consentire,
1529 1495 1673 1568 'entius
1691 1519 1873 1566 nervosum
1891 1498 2073 1589 spinuli-

444 1636 599 1721 mdicos,
623 1631 918 1731 Hypoglosucm‚
947 1631 1277 1724 Owlomotorimn,
1308 1631 1584 1722 mammem,
1610 1631 1859 1708 Abdncentem
1883 1643 1918 1705 et
1940 1637 2074 1726 portio-

445 1799 525 1846 nem
547 1779 714 1860 minorem
737 1776 939 1872 ffigemini
963 1775 1142 1844 manifesto
1168 1775 1239 1843 vim
1265 1788 1301 1846 et
1325 1787 1479 1846 naturum
1505 1799 1687 1889 nemorum
1716 1779 1824 1848 motui
1851 1776 2071 1846 servientium

445 1939 532 2008 prae
547 1937 585 1984 sc
606 1916 719 2000 terre,
743 1925 780 1983 et
793 1937 914 2005 reapse
931 1915 1038 1983 motui
1056 1936 1225 2004 praeesse.
1273 1914 1428 1984 Posticus
1447 1923 1561 1982 unte·
1580 1935 1761 1982 nervom·
1779 1913 1962 2004 spinulium
1979 1917 2074 1984 rudi-

445 2074 523 2139 σα,
546 2073 588 2122 uc
604 2055 796 2142 portionem
812 2053 979 2144 mojorem
1003 2049 1220 2146 lligemiui,
1242 2073 1364 2122 nervos
1378 2053 1556 2123 sensificos
1571 2075 1664 2139 esse,
1690 2066 1725 2122 et
1740 2055 1955 2125 sensibilitati
1971 2079 2073 2148 pruc-

447 2215 530 2263 esse.
577 2194 645 2261 llis
658 2194 882 2262 adnumerant
900 2194 1042 2284 plurimi
1066 2193 1167 2260 etiam
1191 2213 1315 2260 nervos
1333 2213 1506 2260 sensuum.
1563 2193 1618 2262 lle
1638 2187 1788 2263 Facias
1806 2203 1938 2278 autem,
1966 2189 2075 2264 Glos-

446 2331 724 2428 sopbnryngoo,
748 2329 859 2427 Vogo
880 2341 915 2400 et
933 2330 1155 2401 Acccssorio
1174 2329 1327 2399 nondum
1352 2328 1512 2398 constitit
1570 2329 1789 2421 Excepernnt
1811 2351 1869 2402 eos
1890 2353 1911 2397 e
1932 2343 2076 2398 numero

448 2471 679 2558 reliquorum,
710 2491 837 2558 eosque
857 2477 1044 2536 statuerunt
1073 2490 1195 2537 nervos
1221 2467 1347 2536 mixtae
1362 2475 1504 2536 uutumo
1527 2487 1619 2552 esse,
1656 2466 1715 2554 qui
1739 2474 1775 2534 et
1796 2466 2013 2535 sensibilitati
2040 2475 2079 2533 et

447 2609 553 2676 motui
581 2617 786 2698 preessent.
844 2607 898 2674 Itu
919 2607 1060 2696 plurimi
1088 2599 1325 2696 opinationis
1387 2603 1461 2672 Nec
1486 2613 1599 2674 tamen
1623 2604 1824 2688 defuerunt,
1860 2603 1982 2691 quiin
2009 2625 2079 2670 unu

447 2747 598 2814 sltersve
615 2769 655 2814 ro
673 2745 896 2814 dissentirent
944 2733 1093 2814 Binum
1110 2745 1252 2834 quide·
1270 2739 1526 2813 Acoessoriwn
1549 2743 1638 2811 dicit
1658 2765 1732 2814 csse
1750 2765 1896 2826 uersum·
1908 2742 2079 2812 sensibili-

447 2883 509 2955 tati
525 2883 738 2954 servientem.
796 2881 922 2951 Contra
940 2881 1139 2968 dunomns,
1160 2883 1226 2951 Vir
1243 2881 1479 2968 doctissimus,
1508 2882 1602 2951 buno
1624 2904 1766 2975 nervum
1786 2882 1894 2950 motui
1919 2901 2080 2972 praeesse

446 3031 553 3113 putet
601 3021 767 3107 Bsrmms,
791 3020 958 3106 Lnsnrns,
981 3021 1260 3090 Escuemcmmns
1280 3033 1315 3090 et
1330 3023 1425 3090 idem
1443 3022 1505 3091 ille
1519 3022 1668 3091 Bromi
1685 3018 1877 3096 Faciolem
1890 3023 1955 3093 soti
1970 3021 2077 3092 motui

447 3181 606 3250 preoessc
630 3161 830 3228 existiment
868 3197 914 3216 -
951 3159 991 3226 ln
1015 3168 1112 3228 tantu
1132 3161 1378 3228 sententiarum
1407 3159 1636 3251 discrepantis
1658 3159 1743 3252 jure
1774 3162 1926 3231 ducturi
1956 3170 2078 3251 potest.

448 3296 573 3365 Nervis
598 3297 785 3387 spinulibus
814 3296 967 3387 exceptis
998 3297 1206 3365 consentitur
1233 3295 1279 3367 de
1306 3301 1458 3390 quinque
1485 3303 1619 3385 nervis3
1668 3313 1815 3391 quatuor
1845 3305 2079 3395 excipiuntur,

449 3423 606 3529 litigatur
622 3437 668 3504 de
682 3437 745 3523 iis,
769 3435 956 3526 perbibent
971 3456 1029 3514 sos
1043 3435 1169 3504 mixtae
1183 3445 1321 3507 naturae
1335 3461 1418 3508 esse.
1467 3440 1566 3526 Quue
1581 3462 1660 3510 cnm
1679 3444 1727 3511 itu
1744 3444 1830 3527 sint,
1855 3444 1988 3512 etiamsi
2004 3443 2082 3530 quis

450 3577 555 3666 capiti
572 3577 676 3646 totius
694 3576 834 3643 rationis
849 3575 1056 3660 consentiet,
1082 3597 1155 3643 rem
1169 3584 1280 3644 tumen
1299 3577 1451 3645 nondum
1468 3578 1663 3666 expeditum
1681 3577 1824 3644 videbit

548 3714 626 3782 Nou
656 3713 782 3805 ignoro
806 3712 975 3800 quamsit
1002 3712 1254 3802 periculosum,
1288 3739 1344 3782 me
1370 3737 1438 3783 non
1457 3713 1563 3781 multu
1587 3713 1624 3780 in
1642 3712 1711 3780 hoc
1731 3735 1859 3805 genere
1883 3723 2081 3804 expertum,

452 3873 573 3920 novum
598 3853 796 3920 sententiam
823 3849 999 3942 proferre:
1032 3858 1225 3940 temperare
1255 3862 1370 3930 tumen
1401 3853 1488 3948 mihi
1517 3875 1583 3921 nou
1604 3871 1775 3944 possum‚'
1795 3852 1880 3940 quin
1899 3875 1974 3924 eum
1999 3875 2082 3944 pro·

450 4012 594 4079 ponnnu
619 4012 721 4077 qnam
741 3992 844 4058 tutem
865 4009 938 4060 esse
956 3988 1131 4077 existimo,
1157 4014 1226 4080 qun
1242 4014 1298 4060 me
1316 3993 1449 4078 omniu,
1480 4014 1569 4081 qnae
1585 3993 1621 4058 in
1639 3991 1861 4081 opinionibus
1883 3994 1988 4084 puulo
2004 4002 2084 4062 unte
2197 4029 2201 4038 ·

454 4131 726 4200 commemoratis
748 4129 937 4220 suspiciose
957 4127 1025 4197 siut
1047 4137 1083 4198 et
1106 4129 1173 4198 sibi
1190 4129 1379 4214 contrariu,
1410 4127 1569 4195 emedio
1584 4127 1799 4198 sublaturum
1818 4151 1939 4220 spero,
1971 4129 2084 4218 eoqu'e

453 4267 607 4356 aepuiori
633 4267 746 4334 animo
770 4254 853 4333 hnic
877 4266 1035 4357 periculo
1062 4289 1118 4333 mo
1141 4267 1370 4350 committam,
1406 4286 1476 4351 qno
1495 4264 1609 4355 magis
1624 4264 1711 4334 mibi
1734 4269 1894 4340 conscius
1909 4289 2002 4351 sum,
2035 4267 2088 4334 ud

454 4406 746 4494 comprobandam
772 4427 882 4474 meum
905 4427 960 4472 me
980 4405 1179 4474 sententium
1207 4426 1273 4472 non
1296 4401 1435 4470 aliunde
1459 4413 1661 4492 argumente
1682 4406 1828 4496 petisse,
1849 4405 1925 4472 nisi
1947 4404 1991 4471 ub
2012 4404 2085 4474 illis

457 4545 661 4634 praesidiis,
700 4565 789 4632 queo
823 4544 1047 4612 laudetissimi
1075 4543 1277 4635 physiologi
1308 4543 1344 4609 in
1381 4543 1723 4612 commentutionibus
1752 4543 1823 4610 suis
1860 4541 2081 4612 collocarunt.

455 4685 493 4752 ln
519 4682 724 4774 explicando
747 4697 870 4752 uutem·
885 4705 961 4752 meu
988 4687 1173 4770 sententio,
1209 4682 1418 4751 enucleatius
1449 4680 1686 4750 tautummodo
1715 4681 1761 4748 (le
1794 4679 2015 4751 Asnessorio
2051 4689 2085 4749 et

462 4819 572 4917 Vago
598 4821 738 4909 loquar,
776 4842 922 4907 quorum
954 4841 1136 4889 nervorum
1159 4823 1230 4890 vim
1255 4831 1290 4889 et
1314 4830 1469 4889 naturum
1500 4830 1539 4890 ut
1570 4841 1764 4906 noscerem,
1799 4820 1834 4888 in
1859 4829 1968 4889 totum
1992 4819 2086 4888 bunc

458 4980 615 5048 campum
649 4960 832 5052 eupolini
866 4969 1007 5028 cosmus
1041 4977 1139 5042 sum3
1183 4967 1317 5029 ceteros
1348 4957 1462 5028 obiter
1496 4958 1733 5058 tuntummodo
1769 4979 1810 5030 uc
1845 4959 1992 5031 strictim
2030 4967 2084 5026 nt-

458 5097 599 5189 tingem.
