4672 6172
1818 667 1869 740 db

318 858 381 929 ‘ln
403 857 563 932 Psittuco
579 861 716 932 nesure
737 855 837 930 radix
856 855 1067 931 Accessorii
1084 861 1193 931 oritur
1209 861 1332 932 eodem
1343 863 1467 950 modo,
1492 887 1562 954 quo
1579 865 1617 934 in
1629 865 1749 936 aribus
1764 868 1869 938 inodo

242 1019 335 1066 ame
348 1001 640 1085 commemoratis,
666 1021 686 1068 e
705 998 887 1090 posteriori
905 997 1077 1068 medullae
1093 1001 1234 1092 spinalis
1251 1011 1368 1092 parte,
1402 1003 1437 1070 in
1456 1004 1597 1096 regione
1616 1005 1756 1075 secundi
1774 1009 1869 1097 puris

242 1137 480 1223 cervicalium,
518 1146 657 1208 etcum
686 1145 831 1226 quatuor
853 1135 1045 1206 minoribus
1075 1161 1096 1206 a
1124 1139 1277 1208 medulla
1308 1140 1493 1234 oblongatr
1525 1142 1681 1212 oriundis
1706 1143 1871 1218 radiculis

152 1283 160 1308 ⁸
237 1275 394 1366 junctus,
419 1297 498 1346 cum
522 1277 620 1370 Vogi
634 1275 811 1345 radicibus
832 1276 867 1344 in
884 1298 989 1343 unum
1008 1298 1151 1347 neruum
1168 1279 1339 1351 coalescit.
1396 1285 1522 1376 Vagus
1539 1282 1661 1352 relicto
1675 1283 1811 1369 crauio,
1832 1283 1871 1360 iu

242 1415 328 1484 duos
345 1415 514 1486 dividitur
532 1437 652 1486 ramos
709 1413 875 1508 Superior
892 1425 983 1485 totus
999 1413 1159 1509 jungitur
1181 1438 1259 1485 cum
1277 1439 1381 1488 nervo
1405 1414 1776 1516 Glossoplraryugeo,
1803 1423 1869 1523 'qui

239 1553 334 1621 baud
349 1555 473 1644 procul
492 1576 513 1621 a
531 1553 708 1622 radicibus
732 1555 830 1648 Vagr'
850 1554 978 1640 oritur,
1013 1562 1047 1624 et
1066 1553 1165 1624 initio
1183 1554 1322 1640 eodem,
1348 1577 1417 1644 quo
1437 1559 1581 1652 Vagus,
1617 1557 1743 1628 deinde
1760 1577 1869 1649 pecu·

239 1693 315 1760 liari
332 1693 481 1781 quadarn
499 1693 608 1763 canali
622 1691 792 1778 inclusus,
817 1693 969 1762 cranium
989 1693 1068 1760 exit.
1115 1693 1278 1764 Truncus
1293 1691 1397 1786 hujus
1412 1697 1528 1781 uerri,
1552 1696 1612 1784 qui
1635 1719 1676 1765 ex
1692 1697 1759 1766 bac
1776 1717 1869 1767 cotn-

240 1831 397 1899 muuione
416 1830 603 1921 superioris
626 1829 724 1924 Vagi
747 1829 835 1898 ranri
862 1839 897 1900 et
922 1825 1265 1927 Glossoplruryngci
1293 1834 1462 1919 nascitur,
1495 1835 1538 1902 ari
1562 1834 1668 1904 latera
1691 1845 1726 1905 et
1746 1858 1868 1928 super-

240 1969 354 2038 ficiem
371 1961 512 2060 lin'guae
537 1990 574 2038 se
594 1969 748 2056 confert,
780 1977 815 2040 et
839 1968 876 2037 in
893 1969 959 2038 hac
978 1969 1034 2048 ria
1053 1968 1203 2036 ramulos
1223 1968 1283 2038 dat
1304 1969 1459 2040 musculo
1489 1967 1721 2067 Hyoglosso‚
1752 1967 1867 2046 Oesc-

235 2103 398 2200 pango,
412 2103 602 2176 Tracheoe
626 2115 660 2176 et
680 2103 860 2202 Laryrrgi.
922 2105 1022 2178 Alter
1040 2104 1184 2176 inferior
1206 2109 1303 2206 Vagi
1319 2129 1432 2178 ramus
1448 2110 1560 2178 etatirn
1580 2111 1703 2180 iterum
1726 2112 1760 2178 in
1783 2111 1870 2182 duos

240 2213 408 2313 dividitur
427 2266 546 2316 ramos.
594 2245 756 2316 Exterior
773 2245 974 2340 tenuiorque
990 2267 1068 2315 cunr
1084 2245 1212 2314 arteria
1228 2247 1383 2318 carotide
1398 2248 1586 2318 secuudum
1602 2249 1728 2318 collum
1746 2250 1870 2320 decar-
1900 2316 1905 2324 ,

238 2385 302 2466 rit;
339 2384 482 2454 interior
503 2384 715 2473 crassiorque
740 2407 778 2455 ee
801 2406 880 2456 conr
899 2379 1133 2479 Hypoglosso
1156 2383 1295 2478 jungit,
1322 2396 1357 2456 et
1385 2410 1463 2457 curn
1486 2396 1594 2456 toturn
1616 2389 1652 2462 in
1672 2410 1709 2459 ee
1735 2388 1868 2481 recipit

238 2522 396 2593 Nectitur
415 2544 551 2610 quoque
572 2542 651 2589 curn
675 2523 768 2590 ramo
784 2521 890 2612 primi
908 2521 1001 2609 paris
1018 2521 1247 2590 cervicalium.
1304 2511 1375 2592 His
1399 2524 1534 2593 duobus
1559 2526 1671 2596 nervis
1698 2527 1868 2618 acceptis,

237 2661 383 2758 crassior
398 2659 526 2745 iactus,
551 2681 664 2728 rarnue
680 2657 741 2728 ille
759 2659 901 2726 interior
920 2659 1044 2726 iterum
1061 2657 1097 2725 in
1115 2658 1200 2726 duos
1218 2680 1339 2728 nervos
1357 2659 1542 2748 dividitur,
1562 2683 1707 2750 quorum
1722 2663 1866 2734 interior

238 2798 452 2887 crassiorque
474 2798 522 2868 ad
538 2797 633 2868 basin
650 2797 787 2889 linguae
805 2817 843 2866 se
861 2795 1014 2882 confert,
1043 2797 1197 2866 exterior
1218 2807 1331 2866 autem
1355 2820 1465 2890 prope
1484 2800 1657 2870 trachearu
1678 2802 1865 2874 secundum

237 2935 366 3006 collum
391 2933 555 3004 decurrit.

333 3075 373 3144 ln
391 3073 459 3142 alio
478 3069 662 3158 Psinaco,
688 3069 788 3162 cujus
806 3091 926 3139 nornen
945 3069 1087 3162 ignoro,
1112 3069 1192 3159 quia
1204 3071 1326 3162 pennis
1342 3071 1496 3163 privatus
1513 3081 1605 3160 erat,
1631 3084 1665 3142 et
1682 3075 1718 3142 in
1735 3069 1867 3145 Ardea

237 3215 404 3299 cinereo,
436 3234 541 3302 quoe,
575 3213 625 3281 uti
645 3209 845 3282 Psittacum
864 3211 1057 3296 aestivum,
1086 3209 1256 3296 Mnxnnr,
1282 3209 1358 3278 Viri
1379 3207 1446 3296 ill.‚
1472 3209 1708 3279 benevolentia
1730 3213 1866 3303 accepi,

236 3351 385 3440 denique
401 3352 438 3420 iu
456 3348 639 3446 Meliagre
660 3345 930 3446 Galloparone,
954 3348 1306 3440 praeterquamquod
1324 3348 1625 3418 ramilicationibue
1645 3353 1743 3446 Vagi
1758 3353 1867 3420 varia·

234 3492 328 3560 tione
354 3491 514 3560 nonnulla
536 3490 686 3583 insignes
704 3498 800 3576 sunt,
835 3487 947 3556 omnia
968 3488 1099 3576 pariter
1123 3507 1160 3554 se
1180 3485 1328 3571 habent,
1367 3496 1469 3575 atque
1494 3487 1531 3555 iu
1555 3484 1697 3575 reliquis
1724 3487 1864 3575 aribus,

236 3630 281 3700 de
301 3629 426 3720 quibus
445 3651 548 3720 supra
569 3629 651 3698 dixi.
707 3627 747 3696 ln
768 3625 924 3696 omuibus
951 3626 1047 3694 illam
1067 3619 1282 3693 Accerserit
1302 3622 1454 3690 radicem
1480 3646 1500 3691 e
1521 3623 1652 3713 postica
1670 3632 1768 3713 parte
1791 3647 1865 3693 me·

237 3765 352 3836 dullae
376 3766 517 3858 spinalis
542 3775 577 3836 ct
603 3766 808 3859 oblongatae
842 3773 988 3856 quatuor
1021 3761 1255 3849 autquinque
1280 3757 1470 3827 minoribus
1495 3758 1659 3830 radiculis
1684 3761 1863 3828 oriundum

237 3904 362 3974 iuveni.

979 4077 1014 4178 p
1063 4076 1125 4150 re.-

363 4243 507 4318 Nerrus
530 4245 789 4336 Accessorius,
815 4246 957 4346 quiesi
984 4245 1023 4314 in
1048 4239 1227 4341 reptilium
1253 4241 1486 4340 corporibus,
1510 4242 1737 4318 describiutr.

285 4431 437 4519 Eadem,
455 4452 654 4523 quaeeupra
665 4433 840 4501 risoribus
853 4431 946 4520 dixi,
963 4433 1064 4500 etiarn
1076 4427 1338 4526 deAmplribiis
1350 4431 1420 4501 dici
1431 4443 1578 4525 possunt
1603 4435 1745 4503 Praeter
1757 4433 1866 4502 Born-

235 4559 306 4638 rura
321 4564 374 4660 83)
391 4569 457 4638 riri
465 4569 646 4639 clarissimi
655 4591 774 4638 omnes
781 4578 977 4653 senserunt,
991 4533 1027 4637 in
1037 4563 1317 4662 Amplu'biorum
1325 4567 1529 4658 corporibus
1541 4571 1670 4638 nullum
1683 4568 1866 4641 Accesse-

236 4708 287 4775 rr'i
301 4707 484 4800 vestigium
502 4708 657 4801 reperiri.
707 4707 773 4776 Ille
787 4716 899 4774 autern
916 4706 952 4773 in
968 4705 1148 4774 Anatomia
1171 4703 1378 4776 Testudinis
1392 4727 1598 4800 europaeue
1610 4710 1866 4778 Accessorium

237 4845 410 4936 depinxit,
431 4847 476 4914 de
493 4845 635 4938 ejusque
651 4845 787 4940 origine
801 4847 837 4912 in
853 4845 1046 4913 tabularum
1061 4844 1286 4935 explicatione
1302 4845 1388 4914 baec
1405 4843 1570 4912 tradidit:
1599 4895 1619 4930 „
1629 4842 1868 4916 Accessorius

235 5001 430 5052 numerosa
445 4980 548 5052 scala
566 4979 709 5054 mudum
726 4978 812 5054 inde
828 5005 853 5052 a
868 4980 1022 5075 spinulis
1033 4980 1209 5055 medullae
1213 4979 1397 5080 funiculis
1408 4979 1654 5077 superioribus
1671 4979 1865 5072 oriundus,

268 5219 318 5287 88)
334 5221 455 5274 Βοιιιιιιι
471 5219 604 5272 Anatome
619 5218 765 5272 testudinis
778 5235 926 5290 europam
942 5221 1010 5274 Tab
1019 5219 1092 5274 xxl.
1107 5224 1137 5271 et
1150 5219 1240 5272 xxn.
1258 5217 1321 5289 xtg.
1334 5217 1377 5272 Βδι
1393 5215 1435 5272 bd.
1452 5213 1495 5272 tt.
1511 5219 1557 5274 tl.
1573 5217 1616 5274 02.
1631 5219 1674 5274 Μ.
1690 5219 1864 5276 'summ

333 5309 395 5379 Εἰς.
409 5309 470 5362 lot.
486 5313 515 5361 et
530 5306 584 5360 108
608 5323 643 5361 ιι.
1574 5345 1579 5354 .
