4678 6170
274 801 418 888 gangliun
433 797 512 885 Vegi
532 799 700 864 secundum
720 797 794 862 huic
814 815 911 865 nemo
931 817 966 862 se
985 795 1132 862 maerens.
1152 829 1193 848 -
1233 817 1262 880 9.
1282 787 1530 884 Nanasvagm.
1548 829 1591 846 ·-
1636 817 1681 862 ιο.
1700 800 1815 866 Remus
1823 797 1904 866 Pla·

275 929 411 994 ryngeus
431 907 520 992 vagi.
545 941 588 954 -·
639 927 685 970 ιι.
709 906 826 970 liumus
846 908 1025 988 Laryngeus
1045 902 1195 987 superior.
1221 936 1263 951 -
1315 921 1362 966 ra.
1384 903 1536 988 Ganglicn
1556 904 1725 968 secundum
1746 906 1836 992 Vagt
1862 941 1905 957 -

278 1017 324 1080 13.
344 1015 496 1100 Ganglion
516 1011 670 1078 cervicale
690 1030 867 1109 supremum
887 1007 1084 1095 sympathiui.
1104 1043 1147 1058 -·
1191 1016 1237 1085 nd.
1257 1010 1376 1074 Nervus
1396 1009 1619 1093 Hypoglcssus.

974 1245 1059 1356 ng.
1118 1244 1197 1330 ιιι.
1436 1369 1440 1378 .
1779 1347 1785 1362 ,

327 1433 441 1531 Origo
466 1446 500 1508 et
525 1435 690 1510 decursus
714 1432 925 1520 Acccmcrii,
949 1430 1063 1524 vagi,
1087 1429 1408 1525 Glussnpharyngei
1433 1439 1468 1500 et
1494 1430 1708 1524 pruglussi
1733 1455 1753 1502 e
1776 1431 1847 1504 suis

926 1551 1091 1646 juvenilis
1113 1553 1236 1645 capite
1503 1586 1508 1595 ·

350 1759 381 1800 u.
400 1739 427 1800 d.
447 1759 472 1798 c.
492 1738 521 1801 d.
540 1757 567 1796 c·
582 1735 612 1818 s.
633 1756 663 1812 g.
689 1733 816 1816 Septem
836 1751 1003 1796 nemorum
1025 1733 1223 1797 cervicalium
1243 1733 1363 1798 radices
1382 1735 1520 1840 posticae
1547 1732 1699 1798 abscissae
1719 1746 1752 1796 et
1771 1735 1900 1799 reclina·

269 1851 328 1905 tae.
358 1875 399 1888 -
452 1865 478 1906 ι.
507 1839 606 1904 Radix
627 1832 764 1904 extrema
785 1837 967 1903 Accessorii.
997 1869 1040 1884 -
1090 1858 1118 1904 a.
1148 1837 1316 1909 Rediculae
1343 1859 1417 1924 quas
1445 1839 1476 1900 in
1494 1857 1622 1902 ascensu
1642 1858 1699 1902 suu
1727 1839 1899 1902 emedulla

268 1945 376 2030 spinali
396 1945 435 2007 ud
455 1943 614 2022 sets-ahie.
632 1979 675 1994 -
716 1945 746 2008 3.
766 1943 899 2008 Radices
919 1963 1103 2008 numerosae
1124 1965 1142 2006 e
1162 1944 1297 2007 medulla
1313 1944 1487 2029 oblongata.
1506 1979 1548 1992 -
1588 1944 1738 2020 dRadix
1747 1945 1837 2030 Vagi.
1857 1979 1899 1994 --

133 2069 139 2080 ·
168 2065 171 2074 “
266 2053 295 2115 5.
323 2050 422 2113 Radix
444 2048 733 2135 Glnsscpharyngei.
761 2085 804 2100 —
855 2049 884 2114 (ι.
915 2051 1067 2136 Gengliou
1087 2071 1267 2137 supremum
1286 2052 1377 2138 Vagi.
1408 2086 1449 2101 -
1500 2075 1530 2132 7.
1560 2050 1710 2136 Ganglion
1738 2063 1897 2135 petrosum

267 2155 556 2241 Glussuplsanyngei.
583 2190 625 2204 ·-
675 2160 704 2222 e
732 2160 808 2222 Pers
829 2157 1021 2238 Accesserii,
1048 2178 1123 2242 quae
1143 2177 1178 2222 se
1197 2159 1229 2219 in
1250 2158 1329 2222 duos
1349 2179 1452 2224 ramos
1472 2157 1600 2236 dividit,
1626 2158 1656 2218 in
1677 2167 1835 2220 externam
1855 2185 1897 2208 --

266 2282 296 2345 q.
317 2281 397 2344 quae
418 2261 532 2322 iterum
552 2279 622 2324 cum
635 2260 819 2324 Acumsoriu
839 2258 997 2344 jungitur,
1016 2275 1048 2324 et
1061 2263 1093 2324 iu
1105 2263 1257 2325 internam
1276 2295 1319 2308 ·-
1343 2282 1389 2324 ιο.
1410 2281 1491 2346 quae
1503 2281 1575 2324 cum
1587 2261 1678 2344 Vago
1690 2261 1896 2323 auastcmusin

265 2366 409 2430 iecit-
453 2389 499 2428 ιι.
519 2368 632 2428 Remus
642 2377 788 2429 externus
800 2366 985 2440 Accesmrii.
1006 2400 1047 2412 -
1093 2387 1138 2428 sn.
1156 2370 1276 2432 Nervus
1288 2367 1606 2450 Glossopharyugeus.
1628 2403 1668 2419 -
1714 2366 1759 2429 13.
1776 2369 1895 2431 Nervus

265 2471 380 2556 Vagus.
401 2510 442 2525 -
487 2481 532 2546 ι4.
552 2475 674 2534 Nervus
695 2469 918 2552 Hypoglossun
939 2509 979 2524 -
1024 2473 1069 2536 15.
1089 2474 1204 2534 Remus
1224 2473 1421 2555 Pharyngeus
1443 2472 1532 2555 Vugi.
1552 2505 1594 2519 -
1637 2469 1684 2532 16.
1704 2472 1819 2536 Remus
1835 2455 1893 2534 Le-

263 2598 397 2660 ryugeus
416 2577 566 2660 superior.
597 2611 638 2624 -
694 2599 739 2656 ¹7·
766 2575 921 2658 Geuglion
940 2575 1108 2640 secuudum
1129 2579 1219 2642 nervi
1239 2578 1341 2662 vagi,
1373 2578 1404 2638 in
1425 2598 1488 2663 que
1514 2577 1593 2640 duae
1614 2587 1719 2660 partes
1745 2577 1894 2662 distingui

264 2691 408 2765 possunt,
438 2683 535 2744 altera
556 2681 633 2762 (ιγ.)
654 2679 810 2763 gangliose
830 2679 928 2763 magis
948 2691 978 2742 et
997 2679 1134 2762 rubellm
1164 2667 1259 2745 altera
1285 2716 1327 2728 -
1359 2682 1405 2744 ιθ.
1426 2681 1522 2764 magis
1542 2679 1729 2746 filamentosa
1750 2693 1784 2745 et
1803 2705 1894 2766 supra

263 2787 345 2849 illam
366 2787 542 2850 decurrens.
569 2819 611 2834 -
663 2807 709 2870 ¹9·
735 2786 888 2869 Genglion
910 2787 1065 2852 cervicale
1086 2807 1265 2874 supremum
1285 2785 1482 2872 sympathici.
1511 2821 1554 2836 -
1602 2807 1651 2850 ao.
1671 2791 1787 2852 Remus
1808 2809 1893 2855 com·

212 2913 215 2920 ·
262 2898 420 2956 municaus
446 2895 529 2956 inter
557 2892 702 2976 gengliun
722 2890 876 2956 cervicale
896 2911 1077 2974 supremum
1097 2893 1286 2978 Sympathici
1313 2903 1348 2958 et
1375 2892 1519 2977 gengliun
1540 2892 1709 2956 secundm
1731 2892 1821 2978 Vagi.
1851 2929 1894 2945 -·

263 3017 313 3062 as.
333 2997 549 3082 sympathiam
567 3008 726 3082 separatus
747 3017 765 3058 u
784 2997 875 3079 vago
895 2996 1067 3059 secundnm
1087 2999 1203 3062 collum
1223 2999 1401 3064 decurrens.
1460 3009 1464 3020 ’

966 3227 1050 3338 Fig.
1109 3225 1182 3309 lV.
1278 3219 1288 3242 ‘

309 3405 425 3503 Origo
448 3409 661 3496 Acceseerli,
686 3405 778 3501 Vag'i
804 3416 838 3475 et
859 3406 1197 3500 Glosscpharyngei‚
1223 3408 1283 3496 qui
1306 3416 1358 3478 est
1381 3409 1421 3477 iu
1441 3431 1524 3480 cane
1541 3407 1709 3501 juvenili,
1733 3409 1841 3478 canali

751 3531 933 3600 medullari
958 3539 994 3600 et
1016 3540 1115 3624 parte
1139 3531 1248 3600 cranii
1274 3541 1402 3623 apertu.

339 3731 369 3774 m
388 3715 414 3775 b.
433 3735 458 3775 c.
479 3715 507 3776 d
529 3709 596 3790 us.
613 3735 644 3791 g.
663 3713 694 3774 Ιι.
722 3709 808 3774 Octo
828 3710 917 3774 nervi
945 3711 1132 3788 cervicalem
1160 3709 1193 3774 in
1221 3710 1317 3773 latera
1345 3709 1469 3772 eluntre
1500 3709 1638 3792 posticae
1666 3725 1721 3772 sss
1747 3709 1889 3792 priorum

258 3835 426 3878 nervorum
438 3819 602 3900 spinalium
615 3817 738 3880 radices
752 3815 903 3881 abscissae
918 3827 948 3878 et
959 3814 1125 3878 reclinatae
1145 3826 1226 3878 sunt.
1247 3851 1287 3866 -
1328 3821 1347 3876 ι’.
1366 3813 1583 3898 Ligamentum
1598 3814 1827 3878 denticulorum.
1847 3847 1890 3862 -

259 3921 454 4004 lcSupreme
475 3921 612 3984 dentatic
631 3920 722 4001 hujus
742 3919 911 4004 ligamenti.
931 3953 973 3969 -
1014 3919 1034 3980 l.
1055 3923 1144 3983 Dura
1164 3931 1271 3985 mater.
1298 3953 1339 3968 ·-
1391 3943 1417 3982 1.
1439 3921 1586 3984 Extrem
1606 3919 1780 3984 Accessurii
1799 3918 1889 3983 radix

258 4029 296 4091 ad
317 4029 452 4113 posticas
472 4027 594 4109 septimi
615 4026 698 4110 paris
717 4025 838 4088 radices
858 4025 996 4087 munda.
1018 4059 1059 4072 -
1107 4043 1135 4086 a.
1156 4025 1324 4088 liadiculee
1343 4045 1418 4112 quas
1438 4026 1470 4087 in
1491 4045 1621 4090 escensu
1640 4045 1696 4089 suo
1717 4045 1735 4088 a
1754 4023 1888 4088 medulla

256 4134 365 4218 spinuli
382 4133 504 4218 accipit.
524 4167 566 4182 -
606 4131 636 4198 3.
655 4130 788 4194 Radices
807 4149 886 4216 quae
906 4151 924 4193 a
943 4127 1076 4194 medulla
1097 4129 1264 4213 &largata
1283 4131 1322 4194 ad
1342 4151 1415 4194 eum
1435 4130 1598 4196 accedunt.
1617 4163 1660 4184 -
1706 4131 1887 4209 spRadices

257 4240 347 4325 vsgt
368 4274 411 4290 -
450 4243 479 4306 5.
500 4236 601 4302 Radix
621 4237 912 4322 Glossupharyngei.

976 4446 1058 4558 Fig.
1092 4393 1167 4542 ιν.

256 4627 370 4722 Origo
392 4639 426 4700 et
448 4631 613 4702 decursus
635 4631 851 4718 Accesscrii,
877 4631 988 4724 Vagi,
1014 4629 1334 4723 Glossepharyngei
1363 4640 1397 4702 et
1413 4631 1646 4724 Hypuglcssi,
1670 4631 1826 4721 quisunt
1848 4631 1885 4698 iu

303 4745 450 4844 corpore
463 4753 597 4845 Talpae
615 4776 815 4846 europaeae.
848 4751 896 4824 A.
913 4753 1159 4846 Magnitutline
1176 4755 1331 4823 naturali.
1358 4753 1401 4825 B.
1419 4753 1668 4848 Magnitudine
1682 4753 1836 4822 adaucte

340 4955 364 4994 ι.
384 4933 574 4996 Tenuissima
594 4936 773 4998 Accesserii
792 4934 879 4998 radix
899 4940 930 4997 iu
951 4938 1082 5020 regione
1103 4936 1188 5000 tertii
1208 4936 1407 5001 cervicalium
1426 4937 1509 5022 paris
1531 4955 1547 4998 e
1566 4934 1688 5018 postica
1708 4943 1797 5016 parte
1816 4915 1883 4996 me·

254 5038 492 5122 dullaespinalis
506 5038 646 5102 oriunda.
664 5074 706 5088 —
747 5061 776 5128 a,
797 5039 929 5105 Radices
937 5043 1024 5127 vsgt
1046 5077 1088 5092 —
1128 5043 1158 5106 3.
1179 5041 1277 5104 Radix
1288 5039 1577 5124 Glossupharyngei.
1597 5073 1638 5088 -
1679 5057 1708 5114 a.
1729 5039 1880 5122 Geuglien

242 5155 411 5230 ,pausem
431 5143 721 5230 Glosseplseryngei.
751 5185 792 5200 -
843 5149 872 5212 5.
900 5146 1051 5229 Ganglion
1074 5135 1254 5228 supremum
1276 5149 1364 5234 vagi.
1393 5181 1435 5196 -
1486 5146 1514 5208 (ι.
1545 5145 1685 5208 Truncus
1707 5145 1881 5210 decessorii

253 5251 422 5314 secundum
452 5249 532 5333 vegs
565 5249 709 5333 ςιιιςῑίοιι
740 5271 918 5335 supremum
948 5251 1126 5316 decurrens.
1156 5285 1197 5300 -
1249 5275 1278 5331 7.
1310 5254 1424 5316 liemus
1452 5253 1628 5316 Accesserii
1658 5263 1810 5317 externus
1837 5285 1879 5300 ··
