4678 6170
432 745 596 818 videlicet
611 745 758 814 vidimus
778 743 913 836 saepius
928 745 963 812 in
978 745 1128 816 hominis
1145 765 1292 840 corpore
1307 745 1489 834 accidere,
1520 754 1560 818 ut
1576 745 1729 838 posticne
1746 745 1851 837 primi
1868 747 1961 837 paris
1978 767 2058 815 cer·

433 891 594 958 vicalium
610 888 746 956 radices
762 894 821 956 aut
839 906 957 956 omues
976 851 1210 978 :alalagma
1226 887 1461 958 tantummodo
1480 907 1559 956 eum
1578 883 1798 958 Accessorio
1818 887 1907 955 intra
1926 887 2059 958 colum-

435 1049 513 1096 nam
535 1022 761 1094 vertebralem
781 1021 983 1117 jungantur.
1056 1025 1210 1094 Porticus
1240 1032 1351 1096 autem
1368 989 1561 1128 'nemorum
1582 1025 1764 1118 spinolium
1785 1022 1918 1094 radices
1953 1023 2062 1094 bodie

318 1261 321 1268 Ι
433 1168 558 1238 scimus
577 1164 799 1235 sensibilitati
818 1166 967 1246 servire;
1002 1164 1119 1253 itaque
1143 1165 1285 1256 posticis
1305 1164 1409 1255 primi
1429 1164 1522 1254 paris
1541 1165 1761 1234 cervicalium
1784 1162 1958 1232 radicibus
1983 1183 2063 1232 cum

434 1301 646 1375 Accessorii
662 1304 779 1371 radice
793 1303 943 1393 junctis,
968 1314 1171 1394 appareret,
1196 1303 1288 1371 lnunc
1311 1322 1450 1389 quoque
1470 1323 1612 1383 nervum
1626 1301 1718 1390 pltra
1734 1301 1827 1369 hauc
1846 1299 2063 1392 conjunctiu-

434 1465 514 1514 nem
527 1441 574 1510 ad
589 1449 722 1532 partem
735 1440 876 1530 quidem
896 1441 1129 1510 sensibilitatis
1143 1441 1349 1532 participem
1366 1461 1449 1510 esse.
1474 1477 1521 1496 -·
1547 1441 1644 1510 Haec
1661 1440 1784 1530 siquis
1801 1439 1889 1507 mihi
1905 1439 2065 1534 objiciat,

435 1553 571 1650 fatebor
588 1601 668 1650 sane
689 1601 762 1648 rem
780 1601 854 1650 esse
874 1589 990 1649 notatu
1007 1579 1245 1671 dignissimam
1268 1590 1303 1648 et
1322 1580 1468 1650 maxime
1487 1551 1622 1649 miram.¹
1676 1579 1805 1648 Verum
1823 1580 1854 1648 si
1877 1580 2066 1650 accuratius

432 1683 542 1809 ⁴liujus
569 1739 677 1786 nexus
705 1719 853 1788 rationes
884 1719 1174 1808 contemplamur,
1212 1719 1320 1786 multa
1349 1719 1469 1787 adesse
1499 1718 1716 1800 videbimus,
1753 1739 1842 1807 quae
1868 1717 1950 1806 quin
1980 1719 2067 1786 certi

438 1856 628 1946 quidquam
646 1877 688 1924 ex
706 1879 748 1926 eo
765 1854 988 1946 conjiciamus
1005 1864 1130 1925 vetant.
1179 1854 1335 1926 Primum
1352 1856 1442 1926 enim
1458 1855 1599 1924 minime
1614 1858 1750 1946 semper
1766 1855 1835 1926 hoc
1852 1856 1957 1925 modo
1975 1857 2067 1924 radi-

437 2019 496 2068 ces
510 1998 663 2095 posticae
683 1995 787 2088 primi
803 1997 897 2087 paris
915 1996 1135 2066 cervicalium
1155 2017 1234 2065 cum
1248 1997 1472 2070 Accessorio
1493 1999 1709 2092 junguntur,
1743 2005 1777 2067 et
1790 2017 1894 2090 supra
1919 1992 1969 2086 ²¹)
1994 2000 2069 2091 jam

334 2123 339 2134 ’
437 2135 536 2205 attuli
553 2157 607 2204 me
622 2135 658 2204 iu
673 2133 858 2202 bestiarum
875 2133 1079 2225 corporibus
1095 2135 1185 2203 hanc
1198 2137 1472 2229 conjunctionem
1487 2103 1659 2226 nunquam
1676 2103 1865 2233 iuvenissq3
1891 2136 1984 2208 uude
1993 2134 2069 2227 jam

438 2285 601 2368 apparet,
626 2296 702 2342 eam
720 2297 785 2342 uon
805 2274 851 2342 ita
871 2275 985 2364 magni
1004 2276 1164 2343 momenti
1181 2296 1255 2344 esse
1272 2299 1383 2369 posse.
1442 2277 1578 2348 Deinde
1601 2286 1635 2346 et
1657 2276 1734 2366 ipse
1755 2298 1934 2371 pervormu
1964 2298 2070 2346 nexus

440 2423 510 2482 lam
530 2413 713 2504 singularis
733 2422 801 2498 est,
833 2421 888 2497 ut,
920 2413 1015 2500 quod
1036 2411 1197 2502 equidem
1220 2416 1311 2500 scio,
1348 2415 1441 2483 nulla
1460 2415 1528 2482 alia
1551 2421 1610 2482 aut
1631 2436 1812 2484 nervorum
1836 2423 1894 2482 ant
1915 2435 2072 2485 vasorum

373 2588 377 2596 ·
436 2553 574 2644 junctio
596 2575 676 2624 cunr
699 2576 739 2622 eo
761 2553 951 2643 comparari
971 2553 1088 2644 possit
1163 2552 1356 2623 Radicibus
1380 2555 1469 2622 enim
1490 2553 1546 2626 his
1571 2553 1820 2645 posterioribus
1849 2555 1955 2646 primi
1979 2554 2073 2644 paris

304 2657 314 2670 ,
441 2692 680 2777 cervicalium,
703 2691 765 2779 qui
786 2690 830 2759 ab
848 2667 1003 2759 inferiori
1020 2699 1119 2780 parte
1134 2712 1267 2760 sursum
1287 2690 1494 2776 ascendunt,
1518 2693 1577 2760 vix
1595 2713 1673 2761 cum
1688 2688 1908 2762 Accessorio
1923 2692 2074 2784 junctis,

442 2855 523 2903 mox
539 2833 662 2902 itemm
682 2831 727 2900 ab
750 2831 971 2903 Accessorio
993 2854 1079 2903 unus
1095 2841 1155 2901 aut
1174 2833 1245 2902 duo
1265 2833 1369 2920 rami,
1403 2831 1468 2900 sub
1487 2832 1615 2924 angulo
1632 2841 1772 2902 acutoa
1791 2833 1960 2926 superiori
1975 2842 2075 2925 parte

443 2957 604 3044 deorsum
624 2970 895 3057 descendentes,
930 2971 1131 3058 discedunt,
1163 2993 1270 3064 seque
1291 2971 1378 3060 {cum
1405 2972 1526 3042 enticis
1547 2972 1651 3064 primi
1674 2975 1769 3066 paris
1788 2973 1967 3056 radicibus
1989 2972 2074 3064 jun-

444 3122 539 3206 gunt
588 3112 708 3198 ltaque
723 3107 982 3219 Accessorqav,
1007 3089 1103 3198 quod
1119 3110 1178 3177 vix
1197 3113 1354 3201 accepit,
1373 3109 1486 3179 rtatim
1506 3110 1631 3181 iterum
1651 3112 1778 3182 reddit
1825 3114 1937 3182 Porro
1957 3133 2077 3202 saepe-

445 3271 586 3322 numero
614 3249 794 3318 observavi
821 3249 927 3318 libras
957 3257 992 3315 et
1018 3249 1077 3316 fila
1104 3249 1337 3322 radicularum
1363 3251 1573 3342 posticarum
1598 3251 1704 3343 primi
1729 3253 1823 3341 paris
1853 3275 1920 3321 nou
1938 3272 2078 3343 prorsus

446 3393 481 3462 iu
500 3390 558 3456 fila
579 3386 791 3460 Accerserit·
811 3386 974 3472 dissolvi,
1016 3407 1079 3456 nec
1099 3387 1217 3458 ambos
1240 3410 1363 3458 nervos
1383 3389 1430 3458 ita
1452 3391 1597 3460 interae
1622 3391 1731 3477 necti,
1764 3400 1804 3460 nt
1829 3411 1934 3458 unum
1960 3400 2076 3458 rotun·

447 3527 530 3600 dum
558 3527 654 3594 filum
683 3525 855 3607 efficiant3
887 3524 952 3594 sed
979 3547 1084 3616 saepe
1107 3547 1194 3596 uuus
1219 3527 1255 3596 in
1281 3529 1428 3596 alterum,
1455 3527 1552 3614 qnasi
1580 3528 1765 3617 impressus
1789 3524 1996 3618 apparebat,
2033 3527 2080 3592 ita

448 3681 485 3736 ut
509 3666 586 3752 iila,
622 3689 711 3755 quac
729 3667 777 3735 ad
797 3687 902 3734 unum
927 3687 1017 3753 quae
1036 3663 1082 3732 ad
1101 3664 1247 3733 alterum
1267 3663 1496 3752 pertinerent,
1530 3663 1690 3732 accurate
1713 3663 1814 3732 etiam
1836 3685 1878 3732 eo
1895 3663 1992 3749 loco,
2018 3663 2080 3733 ubi

442 3803 556 3896 juncti
578 3814 691 3890 erant,
723 3803 891 3897 distingui
917 3803 1113 3894 potuerint,
1144 3811 1179 3872 et
1199 3801 1335 3871 radices
1355 3800 1563 3893 posteriores
1587 3803 1803 3894 primiparis
1825 3803 1931 3872 fibras
1949 3801 2083 3876 Acces-

450 3943 543 4013 sorii
564 3941 755 4034 pervadere
781 3943 999 4028 viderentur,
1036 3941 1119 4030 quin
1145 3939 1188 4008 iis
1211 3939 1345 4028 aliquid
1369 3940 1414 4008 de
1433 3959 1472 4038 se
1496 3939 1719 4030 impertirent
1780 3940 1939 4031 Denique
1967 3951 2082 4012 nolum

452 4101 589 4169 quoque
610 4090 680 4166 est,
705 4081 794 4148 inter
812 4081 904 4150 viros
922 4080 1042 4150 doctos
1065 4079 1110 4149 de
1130 4088 1249 4147 natura
1264 4078 1369 4168 primi
1384 4077 1478 4169 puris
1497 4077 1717 4148 cervicalium
1738 4078 1893 4148 noudum
1912 4053 2085 4162 constare3

451 4221 535 4310 quin
555 4218 697 4311 plurimi
717 4240 796 4287 eum
817 4219 1000 4288 motorium
1020 4218 1253 4290 tantummodo
1272 4241 1413 4288 nervum
1433 4217 1595 4306 habent,
1615 4219 1747 4312 quippe
1767 4220 1829 4309 qui
1847 4221 1893 4290 ad
1914 4222 2085 4292 musculos

450 4358 685 4432 tantummodo
703 4378 816 4428 ramos
837 4357 1027 4442 emitteret,
1052 4359 1103 4427 uti
1124 4337 1391 4428 Sdmuaammus
1409 4347 1463 4444 22)
1488 4364 1522 4426 et
1541 4355 1612 4424 alii.
1659 4357 1834 4448 Equidem
1853 4359 1928 4448 ipse
1947 4378 2086 4445 quoque

453 4519 556 4589 saepe
580 4521 660 4568 cum
690 4499 727 4566 in
756 4496 836 4565 vivo
861 4495 999 4566 animali
1025 4518 1089 4566 acu
1118 4497 1253 4567 radices
1278 4495 1485 4589 posteriores
1511 4495 1614 4588 primi
1642 4496 1736 4588 paris
1762 4495 1968 4583 irritassem,
2003 4518 2086 4568 cou-¹

454 4636 638 4708 mactiones
660 4637 890 4708 musculorum
909 4634 1143 4705 animadverti.
1179 4673 1226 4692 -··
1262 4635 1343 4706 dam
1365 4657 1409 4704 ex
1428 4633 1486 4724 his
1507 4634 1665 4704 omnibus
1692 4634 1912 4728 consequitur
1941 4656 1983 4704 ex
2004 4655 2088 4706 cou-

452 4777 630 4878 junctionc
657 4777 717 4844 illa
746 4776 874 4844 radicis
897 4776 1097 4868 posterioris
1125 4773 1346 4866 primiparis
1368 4772 1590 4844 cervicalium
1616 4771 1695 4842 cum
1720 4771 1840 4842 radice
1861 4770 2088 4860 Accessurii,

458 4914 507 4982 nil
523 4919 608 4986 certi
626 4912 786 5006 inhujus
804 4912 899 4982 nervi
919 4921 1073 4982 naturam
1094 4909 1221 5002 coqjici
1242 4930 1351 5002 posse.

464 5063 690 5090 ——d—-n

494 5152 545 5222 ar)
560 5151 602 5206 cr.
618 5153 642 5215 s.
659 5151 703 5205 ra
782 5185 787 5196 .

496 5259 546 5328 1)
562 5257 895 5326 summouentem
912 5257 1085 5327 simoniacae
1103 5272 1130 5325 p.
1147 5253 1190 5312 92
