4672 6172
610 519 616 532 Ι

609 677 613 687 ι

543 769 582 840 ln
603 765 721 840 Hirao
736 743 992 841 ‘decessores
1010 766 1048 835 in
1066 766 1210 860 regione
1225 763 1379 860 possm
1396 765 1484 834 sexti
1504 763 1725 836 cervicalium
1745 787 1927 836 nervorum
1946 765 2074 837 radicis

446 871 767 978 animamarum
783 905 915 999 ιριιιιι.
972 905 1012 974 In
1033 904 1103 974 noe
1120 904 1257 972 animati
1271 903 1424 972 emesa
1447 913 1499 974 aa
1526 903 1663 974 narres
1688 901 1790 999 Vags
1813 904 1967 993 naus,
1992 926 2076 996 qun

446 1039 685 1120 Accesserat
716 1046 911 1116 emedullu
937 1044 1122 1137 oblongata
1151 1044 1299 1136 accipit,
1335 1042 1551 1130 discernere,
1587 1065 1651 1113 uec
1682 1052 1760 1114 sunt
1785 1043 1843 1112 lile
1869 1044 2075 1135 peculiaria,

445 1147 569 1278 quibus
596 1185 698 1256 umbo
725 1185 821 1255 nervi
848 1187 937 1254 inter
957 1205 996 1255 se
1022 1183 1295 1276 conjungantur,
1331 1179 1393 1248 scd
1419 1180 1455 1248 iu
1479 1177 1647 1253 foramine
1671 1181 1903 1251 lacerourcta
1928 1181 2078 1250 interce

444 1323 641 1406 cohaerent
702 1323 900 1394 Secundum
931 1320 1036 1420 Vogi
1065 1324 1232 1416 gangliou
1260 1343 1325 1390 non
1350 1330 1420 1390 tarn
1442 1321 1621 1392 manifesto
1647 1323 1875 1412 conspicitur,
1912 1343 2015 1411 quum
2041 1323 2078 1389 in

445 1462 578 1533 duabus
596 1463 736 1550 bestiis,
770 1483 855 1557 quas
876 1484 980 1553 supra
1005 1461 1183 1553 descripsi.
1239 1459 1421 1553 'Gragliou
1442 1460 1612 1530 cervicale
1630 1481 1828 1550 supremum
1847 1460 1952 1552 paulo
1975 1481 2078 1554 supra

443 1602 513 1672 hoc
539 1597 584 1670 V
576 1602 642 1697 ogi
661 1600 828 1694 ganglion
849 1602 1000 1692 positum
1024 1609 1093 1686 est,
1128 1600 1300 1688 amboque
1326 1600 1461 1670 duobus
1481 1601 1550 1670 iilis
1578 1612 1766 1676 nectuntur.
1824 1596 2079 1696 Sympatlu'cus

444 1741 521 1830 ipse
546 1748 640 1808 arcte
666 1760 746 1809 curn
773 1735 885 1834 Vago
911 1738 1082 1808 cohaeret
1142 1737 1204 1808 Uti
1228 1739 1265 1807 in
1289 1738 1376 1826 lele,
1407 1740 1506 1809 iilum
1534 1739 1579 1808 ab
1606 1739 1805 1836 Luryngeo
1827 1715 2011 1834 superiori
2033 1740 2079 1810 nd

451 1872 497 1946 V
489 1898 600 1972 agam
615 1877 781 1964 recurrit,
806 1876 900 1966 quod
920 1877 966 1945 ad
984 1887 1105 1968 pectus
1122 1895 1232 1964 usque
1252 1900 1273 1945 ιι
1290 1875 1336 1946 V
1328 1901 1403 1975 ago
1421 1878 1572 1949 discerni
1589 1889 1712 1971 potest
2173 1875 2179 1880 ’

543 2016 584 2086 Ιιι
602 2011 674 2087 Suc
694 2016 806 2108 (Tub.
821 2017 864 2086 ll
885 2015 964 2109 Fig.
980 2014 1060 2105 111.)
1081 2012 1320 2084 Accessortus
1340 2016 1519 2110 erogione
1534 2019 1688 2108 posticae
1703 2017 1832 2087 radicis
1843 2017 1981 2112 septimi
2000 2039 2078 2087 uer-

446 2176 568 2224 vorum
582 2155 806 2230 cervicalium
830 2157 1027 2225 tenuissimo
1047 2155 1106 2222 lilo
1124 2153 1197 2246 (1)
1218 2153 1337 2222 oritur.
1396 2153 1589 2223 liadiculae
1608 2152 1703 2247 ejus,
1736 2165 1772 2224 et
1786 2177 1871 2246 quas
1890 2180 1911 2224 a
1928 2155 2078 2226 medulla

345 2383 349 2395 Ι
446 2294 573 2388 spirali
587 2296 716 2388 accipit
732 2293 805 2386 (2)
823 2295 931 2365 multo
951 2295 1153 2381 crassiores,
1179 2304 1213 2362 et
1232 2313 1317 2383 quas
1334 2313 1355 2360 ιι
1370 2291 1524 2361 medulla
1542 2292 1730 2386 oblongata
1748 2293 1818 2386 (3)
1840 2294 2080 2387 multoplures

447 2441 526 2502 suut
547 2433 608 2519 iis,
640 2433 783 2523 quaein
803 2432 883 2502 ielis
902 2453 1049 2524 corpore
1071 2433 1311 2525 reperiuntur,
1342 2441 1378 2501 et
1395 2433 1435 2500 id
1452 2434 1626 2528 singulare
1644 2435 1790 2523 habent,
1821 2445 1859 2505 ut
1882 2457 1949 2505 ncn
1971 2437 2019 2505 uti
2041 2435 2078 2503 in

446 2572 570 2643 ceteris
591 2571 711 2642 bestiis
729 2573 843 2642 statim
860 2593 935 2642 sese
955 2594 1034 2643 curu
1050 2582 1173 2641 trunco
1191 2571 1287 2641 nervi
1299 2567 1473 2664 jungant,
1504 2571 1567 2641 sed
1587 2573 1777 2642 secundum
1794 2595 1873 2643 euru
1890 2575 2081 2645 ascendeu-

448 2720 517 2796 tes,
539 2711 760 2802 insuperiori
778 2710 917 2802 taudem
934 2709 1009 2802 ejus
1026 2719 1124 2803 parte
1144 2730 1224 2778 cum
1241 2732 1282 2778 eo
1298 2713 1512 2799 coalescant,
1534 2713 1581 2781 iu
1601 2723 1638 2783 ut
1656 2714 1756 2784 radix
1775 2715 1870 2785 uerri
1888 2716 1963 2806 ipsa
1983 2715 2079 2803 quasi

446 2852 623 2924 lamellosa
637 2863 809 2948 appareat
858 2853 956 2939 Quae
974 2874 1053 2922 curn
1073 2852 1120 2920 ita
1137 2851 1222 2937 sint,
1248 2860 1283 2920 et
1301 2851 1439 2944 insuper
1456 2862 1596 2923 truncus
1614 2848 1827 2924 Accerserit
1844 2855 1918 2946 ipse
1938 2854 1974 2922 in
1989 2853 2083 2922 icru-

445 2993 540 3063 mine
568 2993 684 3064 lacero
712 2994 758 3062 ita
781 3013 861 3064 cum
885 2989 996 3089 Vago
1025 2991 1229 3085 conjunctus
1256 2991 1320 3075 sit,
1364 2998 1402 3057 nt
1424 3001 1562 3080 praeter
1583 3013 1687 3060 unum
1706 2993 1842 3060 tenuius
1862 2991 1956 3059 tilam
1982 2989 2080 3082 (lo)
2139 3001 2147 3015 '

446 3135 595 3223 separati
624 3135 730 3219 rami,
767 3156 853 3223 quos
874 3135 961 3202 alter
980 3156 1102 3203 uersus
1130 3133 1176 3200 ad
1195 3134 1339 3202 alterum
1365 3130 1497 3217 mittat,
1529 3133 1666 3201 omnino
1689 3132 1873 3200 internosci
1896 3140 2083 3221 nequeunt,

449 3269 488 3350 in
505 3269 573 3339 hac
594 3271 706 3340 bestia
723 3269 831 3356 illud,
863 3270 956 3360 quod
976 3293 1078 3362 supra
1094 3271 1170 3364 jam
1188 3269 1324 3355 monui,
1356 3272 1504 3342 maxime
1524 3272 1692 3359 cernitur,
1723 3271 1900 3341 interdum
1919 3272 1995 3342 lieri
2010 3293 2083 3378 'nou

447 3427 568 3500 posse,
592 3417 632 3476 ut
649 3419 684 3478 et
701 3407 837 3477 radices
857 3417 891 3478 et
907 3417 1046 3508 truncus
1059 3407 1274 3481 Accessorii
1288 3375 1308 3480 a
1323 3415 1501 3486 radicibus
1521 3426 1555 3486 et
1574 3425 1695 3486 trunco
1716 3410 1759 3484 V
1752 3417 1819 3513 agi
1830 3417 1933 3508 piane
1952 3416 2085 3484 discer-

447 3557 588 3634 nantur,
614 3547 770 3637 quidque
789 3549 834 3616 ad
851 3569 956 3617 uuum
977 3550 1165 3618 alterumve
1182 3554 1369 3639 pertineat,
1401 3555 1594 3636 indicatum
1627 3565 1784 3626 attamen.
1802 3557 1832 3626 si
1852 3558 1929 3643 quis
1949 3555 1983 3620 in
2005 3555 2084 3621 uni·

448 3708 605 3772 versum,
629 3707 717 3778 quae
733 3687 821 3756 ratio
839 3687 1082 3771 intercessit,
1106 3685 1323 3775 considerat,
1349 3690 1440 3759 duos
1454 3713 1576 3761 nervos
1595 3691 1776 3762 habendos
1791 3715 1864 3762 esse
1882 3693 2085 3778 consentiet,

449 3847 527 3894 cum
548 3833 582 3894 et
599 3833 671 3894 toto
692 3824 813 3894 habitu
843 3835 877 3894 et
897 3841 939 3893 eo
960 3824 1163 3918 praesertim
1193 3823 1370 3916 differant,
1404 3829 1486 3919 quia
1509 3827 1749 3900 Accessorius
1773 3852 1896 3899 nervus
1917 3830 2084 3900 rotundus

451 3973 613 4053 apparet,
644 3986 707 4032 nec
726 3985 875 4053 unquam
894 3984 974 4032 cum
991 3962 1136 4057 ganglia
1158 3958 1262 4061 Vagi
1281 3967 1532 4038 commiscetur.
1589 3967 1628 4038 si
1653 3991 1742 4059 quae
1768 3969 1813 4037 ad
1835 3991 1967 4038 ramum
1988 3967 2085 4039 Pha·
2110 4015 2114 4022 ·

450 4117 627 4194 ryngeum
647 4098 741 4190 (15)
764 4101 980 4172 formandum
999 4103 1044 4172 ab
1061 4099 1281 4174 Accessorio
1300 4106 1478 4174 mittantur
1497 4105 1572 4192 lila,
1597 4073 1692 4176 certe
1711 4106 1876 4200 distingui
1897 4117 2085 4198 nequount;

448 4239 512 4309 sed
532 4247 644 4308 tamen
666 4261 745 4310 cum
764 4240 809 4309 ab
827 4250 966 4310 externo
985 4241 1096 4313 trunci
1120 4241 1163 4315 V
1156 4246 1222 4340 agi
1238 4245 1347 4316 latere
1366 4247 1542 4334 discedat,
1579 4247 1640 4315 ubi
1657 4247 1897 4320 Accessorius
1917 4269 1995 4317 cum
2017 4245 2085 4318 lioc

428 4399 554 4450 merso
577 4376 725 4449 mammo
745 4379 946 4472 conjunctus
965 4389 1035 4469 est,
1065 4381 1156 4449 milri
1179 4403 1379 4474 persuasum
1398 4394 1469 4468 est,
1496 4407 1574 4453 eum
1601 4385 1637 4454 in
1658 4367 1880 4482 Plrerjngeo
1903 4383 2084 4454 formando

449 4526 564 4610 partes
580 4518 747 4607 quasdam
764 4541 879 4612 agero.
928 4517 1125 4611 Utrumque
1148 4517 1252 4617 Vagr'
1269 4523 1434 4616 ganglion
1453 4521 1502 4615 (li
1522 4531 1557 4592 et
1574 4521 1645 4614 lt)
1664 4523 1767 4592 facile
1782 4522 1928 4613 reperiri
1948 4531 1983 4591 et
2003 4543 2086 4593 ocu·

451 4657 495 4728 lis
511 4657 662 4750 conspici
679 4667 803 4749 potest.
854 4658 894 4729 lu
911 4661 1062 4731 secundo
1077 4661 1222 4755 ganglic
1238 4663 1327 4733 duae
1339 4673 1456 4755 partes
1470 4673 1629 4734 accurate
1646 4661 1811 4760 distingui
1827 4661 1928 4750 licet,
1952 4663 2087 4734 rubells

302 4869 305 4880 ,
452 4798 563 4893 magis
590 4790 732 4869 inferior
755 4799 964 4889 molliorque
986 4801 1129 4871 materis
1158 4803 1253 4894 (lt)
1285 4811 1319 4873 et
1345 4811 1426 4893 pa'rs
1451 4802 1575 4872 librate
1603 4800 1699 4894 (18)
1727 4801 1838 4895 magis
1866 4825 1955 4893 quae
1984 4825 2086 4894 supra

452 4940 548 5009 illam
568 4939 782 5034 expanditur.
845 4937 1063 5036 Laryngeus
1078 4942 1246 5036 superior
1265 4937 1361 5032 (lli)
1383 4940 1448 5009 sub
1464 4941 1593 5034 angulo
1610 4950 1706 5012 recto
1725 4941 1794 5010 lata
1811 4942 1885 5012 basi
1905 4942 2085 5012 maximam

454 5078 499 5149 ud
517 5085 651 5171 partem
667 5079 710 5150 ab
731 5079 884 5152 inferiori
900 5079 1044 5148 secundi
1064 5081 1199 5176 gauglii
1215 5089 1314 5176 parte
1333 5075 1354 5148 ι’
1375 5077 1420 5150 V
1412 5100 1486 5176 ago
1506 5081 1685 5174 ducetis,
1724 5079 1899 5176 Ganglion
1916 5080 2087 5152 cervicale

314 5311 318 5324 .
454 5237 652 5312 supremum
665 5211 893 5315 Sympatlrici
910 5217 1006 5312 (lt)
1020 5229 1243 5318 estmagnum
1257 5233 1324 5312 est,
1350 5223 1493 5318 ojmque
1508 5221 1652 5294 inferior
1661 5243 1744 5316 pars
1758 5221 1894 5294 duobus
1907 5219 1975 5290 illis
1990 5219 2087 5314 (2⁰)
