<?xml version="1.0" encoding="UTF-8"?>
<!DOCTYPE html PUBLIC "-//W3C//DTD XHTML 1.0 Transitional//EN"
    "http://www.w3.org/TR/xhtml1/DTD/xhtml1-transitional.dtd">
<html xmlns="http://www.w3.org/1999/xhtml" xml:lang="en" lang="en">
 <head>
  <title>
</title>
<meta http-equiv="Content-Type" content="text/html;charset=utf-8" />
  <meta name='ocr-system' content='tesseract 3.04.00' />
  <meta name='ocr-capabilities' content='ocr_page ocr_carea ocr_par ocr_line ocrx_word'/>
</head>
<body>
  <div class='ocr_page' id='page_1' title='image "./nerviaccessorii00biscgoog_0112.png"; bbox 0 0 4678 6170; ppageno 0'>
   <div class='ocr_carea' id='block_1_1' title="bbox 969 791 1184 906">
    <p class='ocr_par' dir='ltr' id='par_1_1' title="bbox 969 791 1184 906">
     <span class='ocr_line' id='line_1_1' title="bbox 969 791 1184 906; baseline -0.028 -28"><span class='ocrx_word' id='word_1_1' title='bbox 969 791 1184 906; x_wconf 56' lang='lat' dir='ltr'><strong>Qlw</strong></span> 
     </span>
    </p>
   </div>
   <div class='ocr_carea' id='block_1_2' title="bbox 425 939 1827 1072">
    <p class='ocr_par' dir='ltr' id='par_1_2' title="bbox 425 939 1827 1072">
     <span class='ocr_line' id='line_1_2' title="bbox 425 939 1827 1072; baseline -0.006 -20"><span class='ocrx_word' id='word_1_2' title='bbox 425 981 543 1052; x_wconf 84' lang='lat' dir='ltr'><strong>Radix</strong></span> <span class='ocrx_word' id='word_1_3' title='bbox 566 979 760 1050; x_wconf 80' lang='lat' dir='ltr'><strong>Acceseorii</strong></span> <span class='ocrx_word' id='word_1_4' title='bbox 786 985 821 1048; x_wconf 85' lang='lat' dir='ltr'><strong>el</strong></span> <span class='ocrx_word' id='word_1_5' title='bbox 844 997 968 1058; x_wconf 74' lang='lat' dir='ltr'><strong>uerene</strong></span> <span class='ocrx_word' id='word_1_6' title='bbox 993 977 1132 1072; x_wconf 77' lang='lat' dir='ltr'><strong>Vagus,</strong></span> <span class='ocrx_word' id='word_1_7' title='bbox 1158 939 1219 1066; x_wconf 81' lang='lat' dir='ltr'><strong>qui</strong></span> <span class='ocrx_word' id='word_1_8' title='bbox 1239 981 1321 1044; x_wconf 76' lang='lat' dir='ltr'><strong>aunt</strong></span> <span class='ocrx_word' id='word_1_9' title='bbox 1344 977 1381 1044; x_wconf 93' lang='lat' dir='ltr'><strong>in</strong></span> <span class='ocrx_word' id='word_1_10' title='bbox 1406 975 1550 1046; x_wconf 82' lang='lat' dir='ltr'><strong>Lacerta</strong></span> <span class='ocrx_word' id='word_1_11' title='bbox 1575 975 1728 1044; x_wconf 80' lang='lat' dir='ltr'><strong>ocellala.</strong></span> <span class='ocrx_word' id='word_1_12' title='bbox 1824 983 1827 996; x_wconf 93' lang='lat'>&#39;</span> 
     </span>
    </p>
   </div>
   <div class='ocr_carea' id='block_1_3' title="bbox 259 1095 1905 1452">
    <p class='ocr_par' dir='ltr' id='par_1_3' title="bbox 259 1095 1905 1452">
     <span class='ocr_line' id='line_1_3' title="bbox 344 1095 1890 1235; baseline -0.005 -16"><span class='ocrx_word' id='word_1_13' title='bbox 344 1181 370 1220; x_wconf 84' lang='lat'><strong>1.</strong></span> <span class='ocrx_word' id='word_1_14' title='bbox 389 1157 490 1220; x_wconf 81' lang='lat' dir='ltr'><strong>Radix</strong></span> <span class='ocrx_word' id='word_1_15' title='bbox 502 1157 683 1220; x_wconf 76' lang='lat' dir='ltr'><strong>Acceaeorii.</strong></span> <span class='ocrx_word' id='word_1_16' title='bbox 704 1189 746 1205; x_wconf 90' lang='lat'>-</span> <span class='ocrx_word' id='word_1_17' title='bbox 787 1174 817 1216; x_wconf 83' lang='lat' dir='ltr'><strong>a.</strong></span> <span class='ocrx_word' id='word_1_18' title='bbox 835 1153 968 1217; x_wconf 74' lang='lat' dir='ltr'><strong>Radices</strong></span> <span class='ocrx_word' id='word_1_19' title='bbox 978 1151 1068 1235; x_wconf 76' lang='lat' dir='ltr'><strong>Vagi-</strong></span> <span class='ocrx_word' id='word_1_20' title='bbox 1088 1183 1130 1199; x_wconf 90' lang='lat'><strong>-·</strong></span> <span class='ocrx_word' id='word_1_21' title='bbox 1169 1151 1199 1215; x_wconf 84' lang='grc'><strong>3.</strong></span> <span class='ocrx_word' id='word_1_22' title='bbox 1219 1151 1332 1212; x_wconf 77' lang='lat' dir='ltr'><strong>namna</strong></span> <span class='ocrx_word' id='word_1_23' title='bbox 1352 1095 1535 1212; x_wconf 70' lang='lat' dir='ltr'><strong>murculeria</strong></span> <span class='ocrx_word' id='word_1_24' title='bbox 1552 1148 1636 1232; x_wconf 80' lang='lat' dir='ltr'><strong>Vagi</strong></span> <span class='ocrx_word' id='word_1_25' title='bbox 1655 1167 1741 1210; x_wconf 86' lang='lat' dir='ltr'><strong>ramo</strong></span> <span class='ocrx_word' id='word_1_26' title='bbox 1762 1159 1890 1212; x_wconf 88' lang='lat' dir='ltr'><strong>externo</strong></span> 
     </span>
     <span class='ocr_line' id='line_1_4' title="bbox 261 1252 1905 1362; baseline -0.008 -36"><span class='ocrx_word' id='word_1_27' title='bbox 261 1261 435 1328; x_wconf 69' lang='lat' dir='ltr'><strong>decessorii</strong></span> <span class='ocrx_word' id='word_1_28' title='bbox 448 1261 648 1348; x_wconf 83' lang='lat' dir='ltr'><strong>respondens.</strong></span> <span class='ocrx_word' id='word_1_29' title='bbox 669 1295 710 1310; x_wconf 89' lang='lat'><em>-</em></span> <span class='ocrx_word' id='word_1_30' title='bbox 750 1271 779 1336; x_wconf 77' lang='grc'><strong>4.</strong></span> <span class='ocrx_word' id='word_1_31' title='bbox 799 1262 915 1322; x_wconf 79' lang='lat' dir='ltr'><strong>Ramue</strong></span> <span class='ocrx_word' id='word_1_32' title='bbox 926 1259 1009 1344; x_wconf 79' lang='lat' dir='ltr'><strong>Vagi</strong></span> <span class='ocrx_word' id='word_1_33' title='bbox 1018 1255 1058 1320; x_wconf 85' lang='lat' dir='ltr'><strong>ad</strong></span> <span class='ocrx_word' id='word_1_34' title='bbox 1067 1255 1233 1338; x_wconf 79' lang='lat' dir='ltr'><strong>linguam,</strong></span> <span class='ocrx_word' id='word_1_35' title='bbox 1247 1253 1440 1338; x_wconf 76' lang='lat' dir='ltr'><strong>Pheryngem</strong></span> <span class='ocrx_word' id='word_1_36' title='bbox 1450 1265 1482 1316; x_wconf 86' lang='lat' dir='ltr'><strong>et</strong></span> <span class='ocrx_word' id='word_1_37' title='bbox 1492 1252 1672 1318; x_wconf 58' lang='lat' dir='ltr'><strong>Tracheam.</strong></span> <span class='ocrx_word' id='word_1_38' title='bbox 1689 1287 1730 1300; x_wconf 94' lang='lat'>-</span> <span class='ocrx_word' id='word_1_39' title='bbox 1760 1255 1789 1320; x_wconf 79' lang='grc' dir='ltr'><strong>ὅ.</strong></span> <span class='ocrx_word' id='word_1_40' title='bbox 1809 1253 1905 1362; x_wconf 72' lang='grc' dir='ltr'><strong>(Ζοιι-Ι</strong></span> 
     </span>
     <span class='ocr_line' id='line_1_5' title="bbox 259 1359 1592 1452; baseline -0.005 -24"><span class='ocrx_word' id='word_1_41' title='bbox 259 1368 389 1431; x_wconf 87' lang='lat' dir='ltr'><strong>tinuatio</strong></span> <span class='ocrx_word' id='word_1_42' title='bbox 411 1367 490 1452; x_wconf 79' lang='lat' dir='ltr'><strong>Vugi</strong></span> <span class='ocrx_word' id='word_1_43' title='bbox 510 1366 679 1430; x_wconf 80' lang='lat' dir='ltr'><strong>secundum</strong></span> <span class='ocrx_word' id='word_1_44' title='bbox 702 1368 817 1430; x_wconf 90' lang='lat' dir='ltr'><strong>collum</strong></span> <span class='ocrx_word' id='word_1_45' title='bbox 838 1365 1015 1431; x_wconf 75' lang='lat' dir='ltr'><strong>decurrens.</strong></span> <span class='ocrx_word' id='word_1_46' title='bbox 1036 1404 1077 1420; x_wconf 89' lang='lat'>-</span> <span class='ocrx_word' id='word_1_47' title='bbox 1098 1359 1126 1423; x_wconf 84' lang='grc' dir='ltr'><strong>(ι.</strong></span> <span class='ocrx_word' id='word_1_48' title='bbox 1147 1361 1269 1424; x_wconf 74' lang='lat' dir='ltr'><strong>Primus</strong></span> <span class='ocrx_word' id='word_1_49' title='bbox 1290 1379 1401 1426; x_wconf 72' lang='lat' dir='ltr'><strong>nemus</strong></span> <span class='ocrx_word' id='word_1_50' title='bbox 1423 1359 1592 1424; x_wconf 76' lang='lat' dir='ltr'><strong>cervicalis.</strong></span> 
     </span>
    </p>
   </div>
   <div class='ocr_carea' id='block_1_4' title="bbox 981 1571 1171 1684">
    <p class='ocr_par' dir='ltr' id='par_1_4' title="bbox 981 1571 1171 1684">
     <span class='ocr_line' id='line_1_6' title="bbox 981 1571 1171 1684; baseline -0.005 -30"><span class='ocrx_word' id='word_1_51' title='bbox 981 1571 1064 1684; x_wconf 84' lang='lat' dir='ltr'><strong>Fig.</strong></span> <span class='ocrx_word' id='word_1_52' title='bbox 1121 1573 1171 1656; x_wconf 82' lang='lat' dir='ltr'><strong>V.</strong></span> 
     </span>
    </p>
   </div>
   <div class='ocr_carea' id='block_1_5' title="bbox 629 1752 1567 1848">
    <p class='ocr_par' dir='ltr' id='par_1_5' title="bbox 629 1752 1567 1848">
     <span class='ocr_line' id='line_1_7' title="bbox 629 1752 1567 1848; baseline 0.005 -24"><span class='ocrx_word' id='word_1_53' title='bbox 629 1753 741 1846; x_wconf 80' lang='lat' dir='ltr'><strong>Capul</strong></span> <span class='ocrx_word' id='word_1_54' title='bbox 765 1752 1006 1825; x_wconf 88' lang='lat' dir='ltr'><strong>Salamandrae</strong></span> <span class='ocrx_word' id='word_1_55' title='bbox 1031 1757 1221 1844; x_wconf 79' lang='lat' dir='ltr'><strong>terrestria,</strong></span> <span class='ocrx_word' id='word_1_56' title='bbox 1254 1758 1369 1826; x_wconf 84' lang='lat' dir='ltr'><strong>cranio</strong></span> <span class='ocrx_word' id='word_1_57' title='bbox 1393 1765 1522 1848; x_wconf 75' lang='lat' dir='ltr'><strong>aperto.</strong></span> <span class='ocrx_word' id='word_1_58' title='bbox 1560 1816 1567 1829; x_wconf 93' lang='lat'><strong>.</strong></span> 
     </span>
    </p>
   </div>
   <div class='ocr_carea' id='block_1_6' title="bbox 259 1912 1888 2104">
    <p class='ocr_par' dir='ltr' id='par_1_6' title="bbox 259 1912 1888 2104">
     <span class='ocr_line' id='line_1_8' title="bbox 344 1912 1888 2002; baseline 0.005 -29"><span class='ocrx_word' id='word_1_59' title='bbox 344 1936 368 1974; x_wconf 94' lang='grc' dir='ltr'><strong>ι.</strong></span> <span class='ocrx_word' id='word_1_60' title='bbox 398 1912 500 1975; x_wconf 88' lang='lat' dir='ltr'><strong>Radix</strong></span> <span class='ocrx_word' id='word_1_61' title='bbox 530 1913 637 1976; x_wconf 82' lang='lat' dir='ltr'><strong>Altera</strong></span> <span class='ocrx_word' id='word_1_62' title='bbox 663 1914 753 1997; x_wconf 80' lang='lat' dir='ltr'><strong>Vagi.</strong></span> <span class='ocrx_word' id='word_1_63' title='bbox 782 1949 823 1962; x_wconf 93' lang='lat'>-</span> <span class='ocrx_word' id='word_1_64' title='bbox 883 1933 913 1977; x_wconf 78' lang='lat' dir='ltr'><strong>a.</strong></span> <span class='ocrx_word' id='word_1_65' title='bbox 939 1914 1020 1998; x_wconf 83' lang='lat' dir='ltr'><strong>Vagi</strong></span> <span class='ocrx_word' id='word_1_66' title='bbox 1039 1915 1127 1978; x_wconf 86' lang='lat' dir='ltr'><strong>radix</strong></span> <span class='ocrx_word' id='word_1_67' title='bbox 1155 1918 1326 2002; x_wconf 78' lang='lat' dir='ltr'><strong>paullulum</strong></span> <span class='ocrx_word' id='word_1_68' title='bbox 1351 1919 1383 1980; x_wconf 91' lang='lat' dir='ltr'><strong>in</strong></span> <span class='ocrx_word' id='word_1_69' title='bbox 1410 1917 1544 1980; x_wconf 78' lang='lat' dir='ltr'><strong>medulla</strong></span> <span class='ocrx_word' id='word_1_70' title='bbox 1570 1917 1678 2002; x_wconf 82' lang='lat' dir='ltr'><strong>epinali</strong></span> <span class='ocrx_word' id='word_1_71' title='bbox 1704 1916 1888 1994; x_wconf 73' lang='lat' dir='ltr'><strong>decurrens,</strong></span> 
     </span>
     <span class='ocr_line' id='line_1_9' title="bbox 259 2015 1117 2104; baseline 0.003 -25"><span class='ocrx_word' id='word_1_72' title='bbox 259 2037 337 2102; x_wconf 87' lang='lat' dir='ltr'><strong>quae</strong></span> <span class='ocrx_word' id='word_1_73' title='bbox 358 2015 490 2084; x_wconf 75' lang='lat' dir='ltr'><strong>foruna</strong></span> <span class='ocrx_word' id='word_1_74' title='bbox 510 2019 608 2083; x_wconf 89' lang='lat' dir='ltr'><strong>radici</strong></span> <span class='ocrx_word' id='word_1_75' title='bbox 627 2018 1002 2104; x_wconf 77' lang='lat' dir='ltr'><strong>Aooaaaoriiaaapoadet.</strong></span> <span class='ocrx_word' id='word_1_76' title='bbox 1114 2087 1117 2094; x_wconf 62' lang='grc'><em>,</em></span> 
     </span>
    </p>
   </div>
   <div class='ocr_carea' id='block_1_7' title="bbox 633 2278 1509 2610">
    <p class='ocr_par' dir='ltr' id='par_1_7' title="bbox 633 2278 1509 2610">
     <span class='ocr_line' id='line_1_10' title="bbox 633 2278 1509 2375; baseline -0.001 -2"><span class='ocrx_word' id='word_1_77' title='bbox 633 2278 1068 2373; x_wconf 79' lang='lat' dir='ltr'><strong>TABULA</strong></span> <span class='ocrx_word' id='word_1_78' title='bbox 1152 2280 1509 2375; x_wconf 83' lang='lat' dir='ltr'><strong>SEXTA.</strong></span> 
     </span>
     <span class='ocr_line' id='line_1_11' title="bbox 988 2499 1161 2610; baseline -0.023 -28"><span class='ocrx_word' id='word_1_79' title='bbox 988 2499 1161 2610; x_wconf 82' lang='lat' dir='ltr'><strong>Fig.1.</strong></span> 
     </span>
    </p>
   </div>
   <div class='ocr_carea' id='block_1_8' title="bbox 260 2675 1888 2770">
    <p class='ocr_par' dir='ltr' id='par_1_8' title="bbox 260 2675 1888 2770">
     <span class='ocr_line' id='line_1_12' title="bbox 260 2675 1888 2770; baseline -0.001 -24"><span class='ocrx_word' id='word_1_80' title='bbox 260 2679 394 2748; x_wconf 74' lang='lat' dir='ltr'><strong>Nervus</strong></span> <span class='ocrx_word' id='word_1_81' title='bbox 410 2675 557 2770; x_wconf 79' lang='lat' dir='ltr'><strong>cyprini</strong></span> <span class='ocrx_word' id='word_1_82' title='bbox 574 2675 772 2769; x_wconf 64' lang='lat' dir='ltr'><strong>Carpicum,</strong></span> <span class='ocrx_word' id='word_1_83' title='bbox 797 2675 985 2748; x_wconf 87' lang='lat' dir='ltr'><strong>aWebero</strong></span> <span class='ocrx_word' id='word_1_84' title='bbox 1000 2679 1222 2748; x_wconf 80' lang='lat' dir='ltr'><strong>Acceeeoriue</strong></span> <span class='ocrx_word' id='word_1_85' title='bbox 1241 2675 1391 2747; x_wconf 83' lang='lat' dir='ltr'><strong>Willieii&#39;</strong></span> <span class='ocrx_word' id='word_1_86' title='bbox 1400 2675 1611 2770; x_wconf 80' lang='lat' dir='ltr'><strong>appellatus,</strong></span> <span class='ocrx_word' id='word_1_87' title='bbox 1634 2676 1753 2746; x_wconf 78' lang='lat' dir='ltr'><strong>cronio</strong></span> <span class='ocrx_word' id='word_1_88' title='bbox 1769 2684 1888 2768; x_wconf 83' lang='lat' dir='ltr'><strong>aperto</strong></span> 
     </span>
    </p>
   </div>
   <div class='ocr_carea' id='block_1_9' title="bbox 499 2753 1647 2894">
    <p class='ocr_par' dir='ltr' id='par_1_9' title="bbox 499 2753 1647 2894">
     <span class='ocr_line' id='line_1_13' title="bbox 499 2753 1647 2894; baseline -0.001 -25"><span class='ocrx_word' id='word_1_89' title='bbox 499 2809 534 2869; x_wconf 89' lang='lat' dir='ltr'><strong>el</strong></span> <span class='ocrx_word' id='word_1_90' title='bbox 551 2798 696 2870; x_wconf 86' lang='lat' dir='ltr'><strong>cerebro</strong></span> <span class='ocrx_word' id='word_1_91' title='bbox 711 2799 866 2888; x_wconf 81' lang='lat' dir='ltr'><strong>sublato,</strong></span> <span class='ocrx_word' id='word_1_92' title='bbox 892 2801 939 2870; x_wconf 81' lang='lat' dir='ltr'><strong>ita</strong></span> <span class='ocrx_word' id='word_1_93' title='bbox 952 2812 990 2871; x_wconf 89' lang='lat' dir='ltr'><strong>ul</strong></span> <span class='ocrx_word' id='word_1_94' title='bbox 1007 2802 1099 2874; x_wconf 83' lang='lat' dir='ltr'><strong>basia</strong></span> <span class='ocrx_word' id='word_1_95' title='bbox 1114 2803 1224 2874; x_wconf 87' lang='lat' dir='ltr'><strong>cranii</strong></span> <span class='ocrx_word' id='word_1_96' title='bbox 1242 2803 1277 2874; x_wconf 88' lang='lat' dir='ltr'><strong>in</strong></span> <span class='ocrx_word' id='word_1_97' title='bbox 1293 2753 1511 2894; x_wconf 52' lang='lat' dir='ltr'><strong>con&#39;spoelum</strong></span> <span class='ocrx_word' id='word_1_98' title='bbox 1527 2801 1647 2872; x_wconf 83' lang='lat' dir='ltr'><strong>venial.</strong></span> 
     </span>
    </p>
   </div>
   <div class='ocr_carea' id='block_1_10' title="bbox 258 2972 1981 3909">
    <p class='ocr_par' dir='ltr' id='par_1_10' title="bbox 258 2972 1981 3909">
     <span class='ocr_line' id='line_1_14' title="bbox 342 2972 1888 3064; baseline -0.005 -24"><span class='ocrx_word' id='word_1_99' title='bbox 342 3003 368 3041; x_wconf 90' lang='grc' dir='ltr'><strong>ι.</strong></span> <span class='ocrx_word' id='word_1_100' title='bbox 389 2979 523 3043; x_wconf 83' lang='lat' dir='ltr'><strong>Medulla</strong></span> <span class='ocrx_word' id='word_1_101' title='bbox 542 2977 715 3064; x_wconf 78' lang='lat' dir='ltr'><strong>oblongate.</strong></span> <span class='ocrx_word' id='word_1_102' title='bbox 736 3013 777 3026; x_wconf 92' lang='lat'>-</span> <span class='ocrx_word' id='word_1_103' title='bbox 818 3000 845 3043; x_wconf 85' lang='lat' dir='ltr'><strong>a.</strong></span> <span class='ocrx_word' id='word_1_104' title='bbox 871 2984 993 3049; x_wconf 73' lang='lat' dir='ltr'><strong>Nereus</strong></span> <span class='ocrx_word' id='word_1_105' title='bbox 1014 2982 1215 3047; x_wconf 82' lang='lat' dir='ltr'><strong>Acceaaoriua</strong></span> <span class='ocrx_word' id='word_1_106' title='bbox 1235 2979 1380 3046; x_wconf 85' lang='lat' dir='ltr'><strong>Weberi.</strong></span> <span class='ocrx_word' id='word_1_107' title='bbox 1399 3013 1440 3026; x_wconf 91' lang='lat'>—</span> <span class='ocrx_word' id='word_1_108' title='bbox 1480 2977 1509 3042; x_wconf 86' lang='grc'><strong>3.</strong></span> <span class='ocrx_word' id='word_1_109' title='bbox 1537 2977 1690 3060; x_wconf 78' lang='lat' dir='ltr'><strong>Ganglion</strong></span> <span class='ocrx_word' id='word_1_110' title='bbox 1710 2974 1799 3038; x_wconf 80' lang='lat' dir='ltr'><strong>nervi</strong></span> <span class='ocrx_word' id='word_1_111' title='bbox 1820 2972 1888 3034; x_wconf 83' lang='lat' dir='ltr'><strong>&#39;l&#39;ri-</strong></span> 
     </span>
     <span class='ocr_line' id='line_1_15' title="bbox 259 3080 1888 3171; baseline -0.004 -24"><span class='ocrx_word' id='word_1_112' title='bbox 259 3083 383 3168; x_wconf 82' lang='lat' dir='ltr'><strong>gemini.</strong></span> <span class='ocrx_word' id='word_1_113' title='bbox 402 3121 446 3135; x_wconf 92' lang='lat'>—</span> <span class='ocrx_word' id='word_1_114' title='bbox 496 3096 526 3162; x_wconf 78' lang='lat'><strong>4.</strong></span> <span class='ocrx_word' id='word_1_115' title='bbox 545 3087 667 3154; x_wconf 77' lang='lat' dir='ltr'><strong>Nertua</strong></span> <span class='ocrx_word' id='word_1_116' title='bbox 688 3087 802 3171; x_wconf 75' lang='lat' dir='ltr'><strong>Vagus.</strong></span> <span class='ocrx_word' id='word_1_117' title='bbox 821 3122 863 3134; x_wconf 97' lang='lat'>-</span> <span class='ocrx_word' id='word_1_118' title='bbox 914 3091 943 3152; x_wconf 83' lang='lat'><strong>5.</strong></span> <span class='ocrx_word' id='word_1_119' title='bbox 963 3087 1062 3150; x_wconf 86' lang='lat' dir='ltr'><strong>Radix</strong></span> <span class='ocrx_word' id='word_1_120' title='bbox 1082 3086 1312 3150; x_wconf 79' lang='lat' dir='ltr'><strong>communicans</strong></span> <span class='ocrx_word' id='word_1_121' title='bbox 1331 3084 1412 3146; x_wconf 90' lang='lat' dir='ltr'><strong>inter</strong></span> <span class='ocrx_word' id='word_1_122' title='bbox 1432 3083 1578 3167; x_wconf 78' lang='lat' dir='ltr'><strong>ganglion</strong></span> <span class='ocrx_word' id='word_1_123' title='bbox 1597 3080 1767 3166; x_wconf 70' lang='lat' dir='ltr'><strong>liigemini</strong></span> <span class='ocrx_word' id='word_1_124' title='bbox 1788 3089 1821 3143; x_wconf 86' lang='lat' dir='ltr'><strong>et</strong></span> <span class='ocrx_word' id='word_1_125' title='bbox 1840 3087 1888 3140; x_wconf 85' lang='lat' dir='ltr'><strong>ra·</strong></span> 
     </span>
     <span class='ocr_line' id='line_1_16' title="bbox 259 3183 1889 3276; baseline -0.004 -23"><span class='ocrx_word' id='word_1_126' title='bbox 259 3189 358 3255; x_wconf 88' lang='lat' dir='ltr'><strong>dicem</strong></span> <span class='ocrx_word' id='word_1_127' title='bbox 378 3192 465 3275; x_wconf 77' lang='lat' dir='ltr'><strong>Vagi-</strong></span> <span class='ocrx_word' id='word_1_128' title='bbox 487 3226 529 3242; x_wconf 91' lang='grc'><strong>-</strong></span> <span class='ocrx_word' id='word_1_129' title='bbox 580 3191 609 3255; x_wconf 80' lang='grc'><strong>6.</strong></span> <span class='ocrx_word' id='word_1_130' title='bbox 635 3193 739 3256; x_wconf 86' lang='lat' dir='ltr'><strong>Prima</strong></span> <span class='ocrx_word' id='word_1_131' title='bbox 760 3193 847 3256; x_wconf 86' lang='lat' dir='ltr'><strong>radix</strong></span> <span class='ocrx_word' id='word_1_132' title='bbox 867 3193 1044 3257; x_wconf 78' lang='lat' dir='ltr'><strong>Aooeaaorii</strong></span> <span class='ocrx_word' id='word_1_133' title='bbox 1063 3214 1082 3255; x_wconf 88' lang='lat' dir='ltr'><strong>a</strong></span> <span class='ocrx_word' id='word_1_134' title='bbox 1101 3191 1226 3276; x_wconf 81' lang='lat' dir='ltr'><strong>ganglio</strong></span> <span class='ocrx_word' id='word_1_135' title='bbox 1246 3189 1433 3273; x_wconf 68' lang='lat' dir='ltr'><strong>&#39;Itissemeni</strong></span> <span class='ocrx_word' id='word_1_136' title='bbox 1454 3223 1496 3236; x_wconf 94' lang='lat'><em>-</em></span> <span class='ocrx_word' id='word_1_137' title='bbox 1535 3212 1566 3269; x_wconf 87' lang='lat'><strong>7.</strong></span> <span class='ocrx_word' id='word_1_138' title='bbox 1591 3187 1699 3251; x_wconf 79' lang='lat' dir='ltr'><strong>Altera</strong></span> <span class='ocrx_word' id='word_1_139' title='bbox 1718 3185 1806 3250; x_wconf 80' lang='lat' dir='ltr'>radix</span> <span class='ocrx_word' id='word_1_140' title='bbox 1828 3183 1889 3246; x_wconf 79' lang='lat' dir='ltr'><strong>Ao·</strong></span> 
     </span>
     <span class='ocr_line' id='line_1_17' title="bbox 259 3285 1981 3384; baseline -0.003 -29"><span class='ocrx_word' id='word_1_141' title='bbox 259 3295 388 3358; x_wconf 81' lang='lat' dir='ltr'><strong>ccaeouii</strong></span> <span class='ocrx_word' id='word_1_142' title='bbox 407 3317 424 3357; x_wconf 94' lang='lat' dir='ltr'><strong>a</strong></span> <span class='ocrx_word' id='word_1_143' title='bbox 445 3317 532 3359; x_wconf 88' lang='lat' dir='ltr'><strong>ramo</strong></span> <span class='ocrx_word' id='word_1_144' title='bbox 552 3299 798 3361; x_wconf 77' lang='lat' dir='ltr'><strong>communicante</strong></span> <span class='ocrx_word' id='word_1_145' title='bbox 818 3299 899 3362; x_wconf 88' lang='lat' dir='ltr'><strong>inter</strong></span> <span class='ocrx_word' id='word_1_146' title='bbox 919 3300 1132 3384; x_wconf 82' lang='lat' dir='ltr'><strong>Trigeminum</strong></span> <span class='ocrx_word' id='word_1_147' title='bbox 1153 3310 1184 3362; x_wconf 88' lang='lat' dir='ltr'><strong>et</strong></span> <span class='ocrx_word' id='word_1_148' title='bbox 1200 3299 1330 3380; x_wconf 78' lang='lat' dir='ltr'><strong>Vaguun</strong></span> <span class='ocrx_word' id='word_1_149' title='bbox 1352 3331 1395 3344; x_wconf 89' lang='lat'><em>-</em></span> <span class='ocrx_word' id='word_1_150' title='bbox 1434 3294 1463 3356; x_wconf 79' lang='lat'><strong>8.</strong></span> <span class='ocrx_word' id='word_1_151' title='bbox 1484 3294 1591 3356; x_wconf 86' lang='lat' dir='ltr'><strong>Tertia</strong></span> <span class='ocrx_word' id='word_1_152' title='bbox 1610 3291 1697 3355; x_wconf 81' lang='lat' dir='ltr'><strong>radix</strong></span> <span class='ocrx_word' id='word_1_153' title='bbox 1713 3285 1889 3354; x_wconf 69' lang='lat' dir='ltr'><strong>decennonii</strong></span> <span class='ocrx_word' id='word_1_154' title='bbox 1977 3323 1981 3331; x_wconf 79' lang='lat'><em>‚</em></span> 
     </span>
     <span class='ocr_line' id='line_1_18' title="bbox 258 3399 1888 3499; baseline -0.003 -37"><span class='ocrx_word' id='word_1_155' title='bbox 258 3399 296 3462; x_wconf 87' lang='lat' dir='ltr'><strong>ab</strong></span> <span class='ocrx_word' id='word_1_156' title='bbox 317 3401 416 3464; x_wconf 86' lang='lat' dir='ltr'><strong>antica</strong></span> <span class='ocrx_word' id='word_1_157' title='bbox 435 3413 522 3484; x_wconf 83' lang='lat' dir='ltr'><strong>parte</strong></span> <span class='ocrx_word' id='word_1_158' title='bbox 542 3401 696 3464; x_wconf 76' lang='lat' dir='ltr'><strong>medullae</strong></span> <span class='ocrx_word' id='word_1_159' title='bbox 715 3400 908 3485; x_wconf 81' lang='lat' dir='ltr'><strong>oblongatae.</strong></span> <span class='ocrx_word' id='word_1_160' title='bbox 939 3437 982 3450; x_wconf 87' lang='lat'><em>-</em></span> <span class='ocrx_word' id='word_1_161' title='bbox 1034 3403 1062 3488; x_wconf 78' lang='grc'><strong>’9.</strong></span> <span class='ocrx_word' id='word_1_162' title='bbox 1092 3405 1210 3499; x_wconf 72' lang='lat' dir='ltr'><strong>Quarta</strong></span> <span class='ocrx_word' id='word_1_163' title='bbox 1230 3401 1317 3465; x_wconf 83' lang='lat' dir='ltr'><strong>radix</strong></span> <span class='ocrx_word' id='word_1_164' title='bbox 1338 3399 1511 3464; x_wconf 75' lang='lat' dir='ltr'><strong>Acceaaorii</strong></span> <span class='ocrx_word' id='word_1_165' title='bbox 1538 3420 1557 3463; x_wconf 89' lang='lat' dir='ltr'><strong>a</strong></span> <span class='ocrx_word' id='word_1_166' title='bbox 1576 3399 1694 3482; x_wconf 79' lang='lat' dir='ltr'><strong>poetica</strong></span> <span class='ocrx_word' id='word_1_167' title='bbox 1714 3405 1804 3477; x_wconf 80' lang='lat' dir='ltr'><strong>parte</strong></span> <span class='ocrx_word' id='word_1_168' title='bbox 1824 3410 1888 3454; x_wconf 90' lang='lat' dir='ltr'><strong>me·</strong></span> 
     </span>
     <span class='ocr_line' id='line_1_19' title="bbox 259 3499 1889 3593; baseline -0.005 -25"><span class='ocrx_word' id='word_1_169' title='bbox 259 3505 361 3571; x_wconf 85' lang='lat' dir='ltr'><strong>duliae</strong></span> <span class='ocrx_word' id='word_1_170' title='bbox 390 3505 581 3591; x_wconf 75' lang='lat' dir='ltr'><strong>oblongatae.</strong></span> <span class='ocrx_word' id='word_1_171' title='bbox 600 3529 661 3552; x_wconf 89' lang='lat'><strong>·—</strong></span> <span class='ocrx_word' id='word_1_172' title='bbox 725 3527 772 3568; x_wconf 93' lang='grc' dir='ltr'><strong>ιο.</strong></span> <span class='ocrx_word' id='word_1_173' title='bbox 804 3500 1041 3571; x_wconf 80' lang='lat' dir='ltr'><strong>lutumeacentia</strong></span> <span class='ocrx_word' id='word_1_174' title='bbox 1072 3509 1104 3571; x_wconf 91' lang='lat' dir='ltr'><strong>in</strong></span> <span class='ocrx_word' id='word_1_175' title='bbox 1131 3530 1222 3593; x_wconf 81' lang='lat' dir='ltr'><strong>quam</strong></span> <span class='ocrx_word' id='word_1_176' title='bbox 1249 3507 1309 3571; x_wconf 81' lang='lat' dir='ltr'><strong>luae</strong></span> <span class='ocrx_word' id='word_1_177' title='bbox 1336 3517 1469 3593; x_wconf 86' lang='lat' dir='ltr'><strong>quatuor</strong></span> <span class='ocrx_word' id='word_1_178' title='bbox 1492 3505 1613 3570; x_wconf 70' lang='lat' dir='ltr'><strong>radices</strong></span> <span class='ocrx_word' id='word_1_179' title='bbox 1639 3499 1808 3568; x_wconf 81' lang='lat' dir='ltr'><strong>confluunt.</strong></span> <span class='ocrx_word' id='word_1_180' title='bbox 1848 3531 1889 3544; x_wconf 92' lang='lat'>-</span> 
     </span>
     <span class='ocr_line' id='line_1_20' title="bbox 263 3605 1911 3698; baseline -0.005 -27"><span class='ocrx_word' id='word_1_181' title='bbox 263 3635 309 3673; x_wconf 90' lang='grc' dir='ltr'><strong>ιι.</strong></span> <span class='ocrx_word' id='word_1_182' title='bbox 339 3611 509 3696; x_wconf 78' lang='lat' dir='ltr'><strong>Ganglion,</strong></span> <span class='ocrx_word' id='word_1_183' title='bbox 537 3611 621 3696; x_wconf 88' lang='lat' dir='ltr'><strong>qnod</strong></span> <span class='ocrx_word' id='word_1_184' title='bbox 649 3613 682 3674; x_wconf 91' lang='lat' dir='ltr'><strong>in</strong></span> <span class='ocrx_word' id='word_1_185' title='bbox 707 3631 850 3695; x_wconf 72' lang='lat' dir='ltr'><strong>suprema</strong></span> <span class='ocrx_word' id='word_1_186' title='bbox 869 3623 959 3696; x_wconf 85' lang='lat' dir='ltr'><strong>parte</strong></span> <span class='ocrx_word' id='word_1_187' title='bbox 985 3613 1076 3698; x_wconf 80' lang='lat' dir='ltr'><strong>hujus</strong></span> <span class='ocrx_word' id='word_1_188' title='bbox 1096 3614 1350 3678; x_wconf 73' lang='lat' dir='ltr'><strong>intumescentiae</strong></span> <span class='ocrx_word' id='word_1_189' title='bbox 1377 3611 1512 3695; x_wconf 75' lang='lat' dir='ltr'><strong>porinum</strong></span> <span class='ocrx_word' id='word_1_190' title='bbox 1533 3621 1599 3690; x_wconf 81' lang='lat' dir='ltr'><strong>eat,</strong></span> <span class='ocrx_word' id='word_1_191' title='bbox 1628 3621 1661 3673; x_wconf 90' lang='lat' dir='ltr'><strong>et</strong></span> <span class='ocrx_word' id='word_1_192' title='bbox 1685 3628 1704 3671; x_wconf 91' lang='lat' dir='ltr'><strong>a</strong></span> <span class='ocrx_word' id='word_1_193' title='bbox 1727 3605 1828 3690; x_wconf 83' lang='lat' dir='ltr'><strong>prima</strong></span> <span class='ocrx_word' id='word_1_194' title='bbox 1858 3610 1911 3678; x_wconf 57' lang='lat' dir='ltr'><strong>et⁸</strong></span> 
     </span>
     <span class='ocr_line' id='line_1_21' title="bbox 260 3709 1890 3800; baseline -0.007 -19"><span class='ocrx_word' id='word_1_195' title='bbox 260 3729 367 3800; x_wconf 83' lang='lat' dir='ltr'><strong>quarta</strong></span> <span class='ocrx_word' id='word_1_196' title='bbox 387 3719 494 3782; x_wconf 87' lang='lat' dir='ltr'><strong>radice</strong></span> <span class='ocrx_word' id='word_1_197' title='bbox 512 3717 673 3784; x_wconf 81' lang='lat' dir='ltr'><strong>formatur.</strong></span> <span class='ocrx_word' id='word_1_198' title='bbox 693 3753 735 3769; x_wconf 91' lang='lat'>-</span> <span class='ocrx_word' id='word_1_199' title='bbox 790 3739 836 3782; x_wconf 81' lang='lat' dir='ltr'><strong>un.</strong></span> <span class='ocrx_word' id='word_1_200' title='bbox 857 3721 973 3782; x_wconf 82' lang='lat' dir='ltr'><strong>Remus</strong></span> <span class='ocrx_word' id='word_1_201' title='bbox 994 3739 1038 3782; x_wconf 76' lang='lat' dir='ltr'><strong>eu</strong></span> <span class='ocrx_word' id='word_1_202' title='bbox 1049 3721 1286 3784; x_wconf 82' lang='lat' dir='ltr'><strong>intumescentia</strong></span> <span class='ocrx_word' id='word_1_203' title='bbox 1306 3719 1357 3782; x_wconf 91' lang='lat' dir='ltr'><strong>illa</strong></span> <span class='ocrx_word' id='word_1_204' title='bbox 1378 3717 1417 3782; x_wconf 87' lang='lat' dir='ltr'><strong>ad</strong></span> <span class='ocrx_word' id='word_1_205' title='bbox 1438 3718 1594 3781; x_wconf 76' lang='lat' dir='ltr'><strong>mnaruloa</strong></span> <span class='ocrx_word' id='word_1_206' title='bbox 1614 3717 1676 3784; x_wconf 80' lang='lat' dir='ltr'><strong>orti</strong></span> <span class='ocrx_word' id='word_1_207' title='bbox 1696 3712 1825 3794; x_wconf 86' lang='lat' dir='ltr'><strong>occipiti</strong></span> <span class='ocrx_word' id='word_1_208' title='bbox 1845 3709 1890 3770; x_wconf 88' lang='lat' dir='ltr'><strong>al·</strong></span> 
     </span>
     <span class='ocr_line' id='line_1_22' title="bbox 261 3819 1032 3909; baseline 0.012 -26"><span class='ocrx_word' id='word_1_209' title='bbox 261 3819 346 3884; x_wconf 79' lang='lat' dir='ltr'><strong>lixoe.</strong></span> <span class='ocrx_word' id='word_1_210' title='bbox 368 3855 408 3868; x_wconf 91' lang='lat'>—</span> <span class='ocrx_word' id='word_1_211' title='bbox 454 3826 499 3889; x_wconf 83' lang='lat'><strong>13.</strong></span> <span class='ocrx_word' id='word_1_212' title='bbox 519 3827 634 3888; x_wconf 85' lang='lat' dir='ltr'><strong>Ramua</strong></span> <span class='ocrx_word' id='word_1_213' title='bbox 655 3826 694 3888; x_wconf 93' lang='lat' dir='ltr'><strong>ad</strong></span> <span class='ocrx_word' id='word_1_214' title='bbox 715 3827 872 3890; x_wconf 79' lang='lat' dir='ltr'><strong>mueculoe</strong></span> <span class='ocrx_word' id='word_1_215' title='bbox 892 3827 1032 3909; x_wconf 78' lang='lat' dir='ltr'><strong>apinelee.</strong></span> 
     </span>
    </p>
   </div>
   <div class='ocr_carea' id='block_1_11' title="bbox 834 4025 1179 4136">
    <p class='ocr_par' dir='ltr' id='par_1_11' title="bbox 834 4025 1179 4136">
     <span class='ocr_line' id='line_1_23' title="bbox 834 4025 1179 4136; baseline -0.006 -28"><span class='ocrx_word' id='word_1_216' title='bbox 834 4037 841 4056; x_wconf 89' lang='lat'>&#39;</span> <span class='ocrx_word' id='word_1_217' title='bbox 971 4025 1055 4136; x_wconf 86' lang='lat' dir='ltr'><strong>Fig.</strong></span> <span class='ocrx_word' id='word_1_218' title='bbox 1124 4026 1179 4108; x_wconf 90' lang='lat' dir='ltr'><strong>ll.</strong></span> 
     </span>
    </p>
   </div>
   <div class='ocr_carea' id='block_1_12' title="bbox 259 4202 1889 4544">
    <p class='ocr_par' dir='ltr' id='par_1_12' title="bbox 259 4202 1889 4544">
     <span class='ocr_line' id='line_1_24' title="bbox 259 4202 1889 4300; baseline 0.002 -26"><span class='ocrx_word' id='word_1_219' title='bbox 259 4205 393 4276; x_wconf 76' lang='lat' dir='ltr'><strong>Nervus</strong></span> <span class='ocrx_word' id='word_1_220' title='bbox 427 4207 648 4276; x_wconf 83' lang='lat' dir='ltr'><strong>Aooeeeoriue</strong></span> <span class='ocrx_word' id='word_1_221' title='bbox 682 4202 844 4292; x_wconf 79' lang='lat' dir='ltr'><strong>waheri,</strong></span> <span class='ocrx_word' id='word_1_222' title='bbox 878 4207 939 4297; x_wconf 89' lang='lat' dir='ltr'><strong>qui</strong></span> <span class='ocrx_word' id='word_1_223' title='bbox 972 4217 1024 4278; x_wconf 84' lang='lat' dir='ltr'><strong>eet</strong></span> <span class='ocrx_word' id='word_1_224' title='bbox 1055 4209 1089 4278; x_wconf 94' lang='lat' dir='ltr'><strong>in</strong></span> <span class='ocrx_word' id='word_1_225' title='bbox 1122 4207 1268 4300; x_wconf 75' lang='lat' dir='ltr'><strong>cyprini</strong></span> <span class='ocrx_word' id='word_1_226' title='bbox 1303 4207 1411 4277; x_wconf 89' lang='lat' dir='ltr'><strong>Barbi</strong></span> <span class='ocrx_word' id='word_1_227' title='bbox 1444 4207 1578 4298; x_wconf 86' lang='lat' dir='ltr'><strong>capite,</strong></span> <span class='ocrx_word' id='word_1_228' title='bbox 1617 4209 1736 4276; x_wconf 83' lang='lat' dir='ltr'><strong>cronio</strong></span> <span class='ocrx_word' id='word_1_229' title='bbox 1768 4215 1889 4299; x_wconf 82' lang='lat' dir='ltr'><strong>aperto</strong></span> 
     </span>
     <span class='ocr_line' id='line_1_25' title="bbox 358 4326 1889 4424; baseline -0.001 -27"><span class='ocrx_word' id='word_1_230' title='bbox 358 4335 392 4397; x_wconf 87' lang='lat' dir='ltr'><strong>el</strong></span> <span class='ocrx_word' id='word_1_231' title='bbox 426 4327 571 4398; x_wconf 84' lang='lat' dir='ltr'><strong>cerebro</strong></span> <span class='ocrx_word' id='word_1_232' title='bbox 604 4326 650 4396; x_wconf 90' lang='lat' dir='ltr'><strong>ad</strong></span> <span class='ocrx_word' id='word_1_233' title='bbox 686 4327 864 4398; x_wconf 87' lang='lat' dir='ltr'><strong>dimidiam</strong></span> <span class='ocrx_word' id='word_1_234' title='bbox 900 4339 1034 4421; x_wconf 84' lang='lat' dir='ltr'><strong>partem</strong></span> <span class='ocrx_word' id='word_1_235' title='bbox 1066 4329 1209 4400; x_wconf 78' lang='lat' dir='ltr'><strong>sublato.</strong></span> <span class='ocrx_word' id='word_1_236' title='bbox 1278 4327 1430 4399; x_wconf 78' lang='lat' dir='ltr'><strong>Radices</strong></span> <span class='ocrx_word' id='word_1_237' title='bbox 1461 4327 1677 4424; x_wconf 78' lang='lat' dir='ltr'><strong>Trigemini,</strong></span> <span class='ocrx_word' id='word_1_238' title='bbox 1713 4328 1889 4399; x_wconf 81' lang='lat' dir='ltr'><strong>Auditorii</strong></span> 
     </span>
     <span class='ocr_line' id='line_1_26' title="bbox 357 4448 830 4544; baseline 0.004 -26"><span class='ocrx_word' id='word_1_239' title='bbox 357 4459 391 4518; x_wconf 82' lang='lat' dir='ltr'><strong>el</strong></span> <span class='ocrx_word' id='word_1_240' title='bbox 415 4448 509 4544; x_wconf 79' lang='lat' dir='ltr'><strong>vagi</strong></span> <span class='ocrx_word' id='word_1_241' title='bbox 534 4448 719 4520; x_wconf 75' lang='lat' dir='ltr'><strong>reclinatae</strong></span> <span class='ocrx_word' id='word_1_242' title='bbox 743 4459 830 4520; x_wconf 82' lang='lat' dir='ltr'><strong>sunl.</strong></span> 
     </span>
    </p>
   </div>
   <div class='ocr_carea' id='block_1_13' title="bbox 203 4623 1890 5323">
    <p class='ocr_par' dir='ltr' id='par_1_13' title="bbox 203 4623 1890 5323">
     <span class='ocr_line' id='line_1_27' title="bbox 203 4623 1889 4710; baseline 0.002 -24"><span class='ocrx_word' id='word_1_243' title='bbox 203 4669 206 4678; x_wconf 62' lang='grc'><strong>.</strong></span> <span class='ocrx_word' id='word_1_244' title='bbox 343 4649 367 4686; x_wconf 94' lang='grc' dir='ltr'><strong>ι.</strong></span> <span class='ocrx_word' id='word_1_245' title='bbox 387 4623 522 4689; x_wconf 76' lang='lat' dir='ltr'><strong>Medulla</strong></span> <span class='ocrx_word' id='word_1_246' title='bbox 542 4623 716 4709; x_wconf 77' lang='lat' dir='ltr'><strong>oblongala.</strong></span> <span class='ocrx_word' id='word_1_247' title='bbox 735 4659 779 4674; x_wconf 92' lang='grc'>-</span> <span class='ocrx_word' id='word_1_248' title='bbox 819 4645 848 4688; x_wconf 83' lang='lat' dir='ltr'><strong>a.</strong></span> <span class='ocrx_word' id='word_1_249' title='bbox 868 4626 989 4688; x_wconf 77' lang='lat' dir='ltr'><strong>Nema</strong></span> <span class='ocrx_word' id='word_1_250' title='bbox 1010 4625 1220 4690; x_wconf 78' lang='lat' dir='ltr'><strong>Acceeeorine.</strong></span> <span class='ocrx_word' id='word_1_251' title='bbox 1241 4659 1284 4674; x_wconf 89' lang='lat'>-</span> <span class='ocrx_word' id='word_1_252' title='bbox 1324 4625 1353 4690; x_wconf 82' lang='lat'><strong>3.</strong></span> <span class='ocrx_word' id='word_1_253' title='bbox 1375 4623 1508 4688; x_wconf 78' lang='lat' dir='ltr'><strong>Radoaa</strong></span> <span class='ocrx_word' id='word_1_254' title='bbox 1527 4625 1617 4710; x_wconf 59' lang='lat' dir='ltr'><strong>Regi.</strong></span> <span class='ocrx_word' id='word_1_255' title='bbox 1636 4659 1679 4675; x_wconf 90' lang='lat'>-</span> <span class='ocrx_word' id='word_1_256' title='bbox 1718 4635 1748 4701; x_wconf 73' lang='grc'><strong>4.</strong></span> <span class='ocrx_word' id='word_1_257' title='bbox 1769 4628 1889 4690; x_wconf 75' lang='lat' dir='ltr'><strong>Nerva·</strong></span> 
     </span>
     <span class='ocr_line' id='line_1_28' title="bbox 259 4729 1889 4815; baseline 0.002 -25"><span class='ocrx_word' id='word_1_258' title='bbox 259 4729 463 4814; x_wconf 76' lang='lat' dir='ltr'><strong>Trigeminam.</strong></span> <span class='ocrx_word' id='word_1_259' title='bbox 482 4767 526 4782; x_wconf 88' lang='lat'><strong>·-</strong></span> <span class='ocrx_word' id='word_1_260' title='bbox 566 4733 595 4798; x_wconf 84' lang='lat'><strong>5.</strong></span> <span class='ocrx_word' id='word_1_261' title='bbox 615 4734 737 4797; x_wconf 81' lang='lat' dir='ltr'><strong>Nervua</strong></span> <span class='ocrx_word' id='word_1_262' title='bbox 749 4729 900 4794; x_wconf 60' lang='lat' dir='ltr'><strong>laterali·</strong></span> <span class='ocrx_word' id='word_1_263' title='bbox 911 4729 1001 4814; x_wconf 72' lang='lat' dir='ltr'><strong>Vagi.</strong></span> <span class='ocrx_word' id='word_1_264' title='bbox 1021 4765 1064 4778; x_wconf 93' lang='lat'>-</span> <span class='ocrx_word' id='word_1_265' title='bbox 1104 4729 1134 4794; x_wconf 76' lang='grc' dir='ltr'><strong>ὁ.</strong></span> <span class='ocrx_word' id='word_1_266' title='bbox 1153 4731 1254 4793; x_wconf 85' lang='lat' dir='ltr'><strong>Radix</strong></span> <span class='ocrx_word' id='word_1_267' title='bbox 1274 4730 1373 4815; x_wconf 87' lang='lat' dir='ltr'><strong>prime</strong></span> <span class='ocrx_word' id='word_1_268' title='bbox 1394 4741 1424 4793; x_wconf 82' lang='lat' dir='ltr'><strong>et</strong></span> <span class='ocrx_word' id='word_1_269' title='bbox 1444 4731 1574 4794; x_wconf 78' lang='lat' dir='ltr'><strong>maxima</strong></span> <span class='ocrx_word' id='word_1_270' title='bbox 1590 4731 1765 4796; x_wconf 75' lang='lat' dir='ltr'><strong>Acceetorii</strong></span> <span class='ocrx_word' id='word_1_271' title='bbox 1786 4753 1824 4793; x_wconf 85' lang='lat' dir='ltr'><strong>ex</strong></span> <span class='ocrx_word' id='word_1_272' title='bbox 1845 4733 1889 4794; x_wconf 89' lang='lat' dir='ltr'><strong>in·</strong></span> 
     </span>
     <span class='ocr_line' id='line_1_29' title="bbox 257 4833 1890 4922; baseline 0.002 -26"><span class='ocrx_word' id='word_1_273' title='bbox 257 4839 460 4898; x_wconf 87' lang='lat' dir='ltr'><strong>tumeaoeutie</strong></span> <span class='ocrx_word' id='word_1_274' title='bbox 480 4837 699 4922; x_wconf 75' lang='lat' dir='ltr'><strong>gangliolormi</strong></span> <span class='ocrx_word' id='word_1_275' title='bbox 720 4835 905 4921; x_wconf 54' lang='lat' dir='ltr'><strong>meniu,</strong></span> <span class='ocrx_word' id='word_1_276' title='bbox 926 4833 1082 4899; x_wconf 80' lang='lat' dir='ltr'><strong>Auditorii</strong></span> <span class='ocrx_word' id='word_1_277' title='bbox 1103 4846 1136 4900; x_wconf 82' lang='lat' dir='ltr'><strong>et</strong></span> <span class='ocrx_word' id='word_1_278' title='bbox 1156 4837 1239 4920; x_wconf 79' lang='lat' dir='ltr'><strong>Vagi</strong></span> <span class='ocrx_word' id='word_1_279' title='bbox 1259 4835 1451 4920; x_wconf 81' lang='lat' dir='ltr'><strong>proveniene.</strong></span> <span class='ocrx_word' id='word_1_280' title='bbox 1477 4871 1520 4884; x_wconf 92' lang='grc'>-</span> <span class='ocrx_word' id='word_1_281' title='bbox 1569 4860 1599 4918; x_wconf 83' lang='lat'><strong>7.</strong></span> <span class='ocrx_word' id='word_1_282' title='bbox 1628 4835 1728 4902; x_wconf 87' lang='lat' dir='ltr'><strong>Radix</strong></span> <span class='ocrx_word' id='word_1_283' title='bbox 1753 4837 1890 4901; x_wconf 71' lang='lat' dir='ltr'><strong>secunda</strong></span> 
     </span>
     <span class='ocr_line' id='line_1_30' title="bbox 257 4939 1889 5029; baseline 0.001 -25"><span class='ocrx_word' id='word_1_284' title='bbox 257 4939 430 5004; x_wconf 80' lang='lat' dir='ltr'><strong>Acoeaaorii</strong></span> <span class='ocrx_word' id='word_1_285' title='bbox 450 4939 490 5004; x_wconf 86' lang='lat' dir='ltr'><strong>ab</strong></span> <span class='ocrx_word' id='word_1_286' title='bbox 510 4943 609 5006; x_wconf 87' lang='lat' dir='ltr'><strong>antica</strong></span> <span class='ocrx_word' id='word_1_287' title='bbox 624 4955 712 5029; x_wconf 82' lang='lat' dir='ltr'><strong>parte</strong></span> <span class='ocrx_word' id='word_1_288' title='bbox 732 4943 886 5007; x_wconf 89' lang='lat' dir='ltr'><strong>medullae</strong></span> <span class='ocrx_word' id='word_1_289' title='bbox 907 4941 1104 5025; x_wconf 78' lang='lat' dir='ltr'><strong>oblongatae.</strong></span> <span class='ocrx_word' id='word_1_290' title='bbox 1132 4977 1172 4990; x_wconf 91' lang='lat'>—</span> <span class='ocrx_word' id='word_1_291' title='bbox 1221 4943 1250 5008; x_wconf 83' lang='lat' dir='ltr'><strong>R</strong></span> <span class='ocrx_word' id='word_1_292' title='bbox 1278 4943 1377 5009; x_wconf 84' lang='lat' dir='ltr'><strong>Radix</strong></span> <span class='ocrx_word' id='word_1_293' title='bbox 1399 4943 1491 5006; x_wconf 85' lang='lat' dir='ltr'><strong>tertia</strong></span> <span class='ocrx_word' id='word_1_294' title='bbox 1515 4964 1534 5005; x_wconf 87' lang='lat' dir='ltr'><strong>a</strong></span> <span class='ocrx_word' id='word_1_295' title='bbox 1561 4940 1681 5026; x_wconf 79' lang='lat' dir='ltr'><strong>poetica</strong></span> <span class='ocrx_word' id='word_1_296' title='bbox 1708 4955 1797 5027; x_wconf 80' lang='lat' dir='ltr'><strong>parte</strong></span> <span class='ocrx_word' id='word_1_297' title='bbox 1825 4963 1889 5006; x_wconf 87' lang='lat' dir='ltr'><strong>me·</strong></span> 
     </span>
     <span class='ocr_line' id='line_1_31' title="bbox 258 5044 1889 5132; baseline 0.002 -25"><span class='ocrx_word' id='word_1_298' title='bbox 258 5045 361 5108; x_wconf 86' lang='lat' dir='ltr'><strong>dullae</strong></span> <span class='ocrx_word' id='word_1_299' title='bbox 382 5044 577 5130; x_wconf 80' lang='lat' dir='ltr'><strong>oblongatae.</strong></span> <span class='ocrx_word' id='word_1_300' title='bbox 604 5080 646 5095; x_wconf 92' lang='lat'>—</span> <span class='ocrx_word' id='word_1_301' title='bbox 696 5071 726 5132; x_wconf 79' lang='lat' dir='ltr'><strong>o.</strong></span> <span class='ocrx_word' id='word_1_302' title='bbox 751 5053 867 5114; x_wconf 85' lang='lat' dir='ltr'><strong>Ramut</strong></span> <span class='ocrx_word' id='word_1_303' title='bbox 887 5050 1069 5116; x_wconf 77' lang='lat' dir='ltr'><strong>numularia</strong></span> <span class='ocrx_word' id='word_1_304' title='bbox 1089 5071 1107 5112; x_wconf 87' lang='lat' dir='ltr'><strong>a</strong></span> <span class='ocrx_word' id='word_1_305' title='bbox 1126 5051 1262 5114; x_wconf 86' lang='lat' dir='ltr'><strong>aecunda</strong></span> <span class='ocrx_word' id='word_1_306' title='bbox 1282 5051 1387 5114; x_wconf 86' lang='lat' dir='ltr'><strong>radice</strong></span> <span class='ocrx_word' id='word_1_307' title='bbox 1408 5051 1544 5112; x_wconf 76' lang='lat' dir='ltr'><strong>eminane.</strong></span> <span class='ocrx_word' id='word_1_308' title='bbox 1572 5081 1614 5096; x_wconf 91' lang='lat'><em>-</em></span> <span class='ocrx_word' id='word_1_309' title='bbox 1666 5067 1712 5110; x_wconf 83' lang='lat' dir='ltr'><strong>ro.</strong></span> <span class='ocrx_word' id='word_1_310' title='bbox 1740 5049 1889 5110; x_wconf 83' lang='lat' dir='ltr'><strong>lutumea·</strong></span> 
     </span>
     <span class='ocr_line' id='line_1_32' title="bbox 257 5150 1889 5239; baseline 0.001 -25"><span class='ocrx_word' id='word_1_311' title='bbox 257 5151 357 5216; x_wconf 84' lang='lat' dir='ltr'><strong>centia</strong></span> <span class='ocrx_word' id='word_1_312' title='bbox 378 5150 609 5236; x_wconf 66' lang='lat' dir='ltr'><strong>gangliolormia</strong></span> <span class='ocrx_word' id='word_1_313' title='bbox 630 5154 817 5238; x_wconf 67' lang='lat' dir='ltr'><strong>Trigemini,</strong></span> <span class='ocrx_word' id='word_1_314' title='bbox 844 5155 1003 5219; x_wconf 80' lang='lat' dir='ltr'><strong>Auditorii</strong></span> <span class='ocrx_word' id='word_1_315' title='bbox 1028 5165 1064 5217; x_wconf 87' lang='lat' dir='ltr'><strong>et</strong></span> <span class='ocrx_word' id='word_1_316' title='bbox 1083 5155 1173 5238; x_wconf 80' lang='lat' dir='ltr'><strong>Vagi.</strong></span> <span class='ocrx_word' id='word_1_317' title='bbox 1203 5188 1245 5202; x_wconf 90' lang='lat'><em>-</em></span> <span class='ocrx_word' id='word_1_318' title='bbox 1298 5178 1343 5219; x_wconf 92' lang='grc' dir='ltr'><strong>ιι.</strong></span> <span class='ocrx_word' id='word_1_319' title='bbox 1373 5154 1542 5239; x_wconf 74' lang='lat' dir='ltr'><strong>Gunglion‚</strong></span> <span class='ocrx_word' id='word_1_320' title='bbox 1569 5151 1653 5239; x_wconf 85' lang='lat' dir='ltr'><strong>quod</strong></span> <span class='ocrx_word' id='word_1_321' title='bbox 1672 5153 1779 5216; x_wconf 86' lang='lat' dir='ltr'><strong>radice</strong></span> <span class='ocrx_word' id='word_1_322' title='bbox 1798 5152 1889 5215; x_wconf 84' lang='lat' dir='ltr'><strong>tertia</strong></span> 
     </span>
     <span class='ocr_line' id='line_1_33' title="bbox 256 5239 1799 5323; baseline 0.004 -3"><span class='ocrx_word' id='word_1_323' title='bbox 256 5257 432 5323; x_wconf 78' lang='lat' dir='ltr'><strong>Acceaaorii</strong></span> <span class='ocrx_word' id='word_1_324' title='bbox 453 5257 613 5322; x_wconf 77' lang='lat' dir='ltr'><strong>formatur.</strong></span> <span class='ocrx_word' id='word_1_325' title='bbox 674 5289 684 5300; x_wconf 87' lang='lat'><em>·</em></span> <span class='ocrx_word' id='word_1_326' title='bbox 1791 5239 1799 5258; x_wconf 56' lang='lat'>‘</span> 
     </span>
    </p>
   </div>
   <div class='ocr_carea' id='block_1_14' title="bbox 0 0 2344 6166">
    <p class='ocr_par' dir='ltr' id='par_1_14' title="bbox 0 0 2344 6166">
     <span class='ocr_line' id='line_1_34' title="bbox 0 0 2344 6166; baseline 0 0"><span class='ocrx_word' id='word_1_327' title='bbox 0 0 2344 6166; x_wconf 95' lang='lat' dir='ltr'><strong> </strong></span> 
     </span>
    </p>
   </div>
  </div>
 </body>
</html>
