4672 6172
410 533 434 604 4
555 563 559 574 .

410 734 666 848 strissimis,
701 735 1011 827 Trroeuarrrro
1032 753 1079 828 et
1095 733 1348 849 Annotoo,
1384 733 1463 826 hic
1481 731 1668 861 publice
1687 765 1897 828 summas
1919 767 2035 860 quas

410 939 601 1035 possum
629 905 797 1032 gratias
823 903 1044 1021 reseram,
1081 905 1163 1030 qui
1191 937 1293 998 non
1320 902 1465 994 modo
1495 902 1688 996 consilio
1716 885 1800 995 suo
1830 904 2034 1030 pruden-

413 1077 612 1188 tissimo,
657 1074 738 1166 sed
776 1074 918 1167 etiam
953 1073 1084 1167 libris
1121 1073 1442 1167 liberalissime
1478 1105 1557 1164 me
1593 1072 1894 1198 adjuverunt,
1941 1071 2036 1166 heo

414 1245 531 1368 quin
555 1243 642 1370 ipsi
664 1244 903 1336 interdum
924 1243 1200 1358 interessent
1222 1243 1341 1335 meis
1360 1242 1712 1368 experimendo,
1749 1265 2034 1336 recusarunt

412 1411 643 1541 Maximus
660 1410 800 1502 etiam
821 1431 970 1534 grates
987 1412 1079 1505 hoo
1096 1411 1200 1505 loco
1221 1412 1366 1505 refero
1394 1413 1613 1524 Maturo,
1641 1411 1886 1538 professori
1905 1412 1955 1503 P.
1977 1410 2034 1502 Ο.

414 1580 464 1674 in
485 1580 783 1676 universitate
801 1579 1049 1670 Fridericia
1065 1577 1343 1675 Wilhelmia
1361 1579 1614 1693 Rhenana,
1630 1579 1746 1672 Viro
1760 1579 2036 1694 clarissimo,

2318 3317 2319 3358 l

416 1751 498 1871 qui
519 1781 574 1841 ex
593 1780 757 1841 museo
777 1747 1044 1840 anatomieo
1063 1748 1304 1839 Bonnensi
1324 1780 1511 1840 summa
1530 1746 1807 1841 liberalitate
1826 1783 1879 1841 ac
1894 1749 2037 1842 bene-

310 1885 315 1896 *
414 1918 620 2012 volentia
645 1916 963 2043 plurimorum
983 1947 1244 2038 eorumque
1264 1914 1609 2008 rarissimorum
1631 1916 1913 2010 animalium
1942 1949 2038 2009 cor-

412 2120 528 2212 pora
557 2086 676 2178 mihi
704 2086 1018 2213 suppeditavit
1045 2087 1386 2226 praeparanda,
1432 2117 1552 2208 quae
1580 2087 1869 2178 nominatim
1895 2086 2037 2213 paulo

416 2256 535 2347 insra
566 2253 840 2347 describam.
888 2310 945 2332 -·
1001 2255 1166 2378 Neque
1194 2255 1566 2382 praetermittere
1593 2287 1786 2382 possum
1815 2254 1907 2346 hoc
1934 2255 2038 2347 loeo

417 2456 595 2516 nomen
613 2424 699 2515 viri
719 2422 900 2548 juvenis
919 2423 1037 2516 mihi
1059 2423 1278 2516 carissimi
1299 2423 1702 2547 dilectissimique,
1731 2425 2038 2516 Mtxrurtnut

415 2592 656 2708 Srunsmr,
676 2587 1231 2708 Bado-Caroloruhensis,
1259 2593 1341 2718 qui
1357 2624 1546 2685 summa
1564 2592 1895 2686 benevolentia
1915 2626 2042 2686 sum-

416 2794 592 2886 moque
609 2763 765 2859 studio
784 2761 1113 2888 experimentis
1129 2763 1247 2854 meis
1264 2793 1365 2854 non
1380 2760 1534 2854 solum
1553 2761 1782 2878 interfuit,
1801 2761 2040 2854 sedetiam

417 2932 466 3023 in
495 2933 549 3024 iis
577 2931 900 3045 instituendis,
931 2929 1196 3024 incredibili
1226 2931 1453 3058 patientia
1481 2964 1620 3060 opem
1650 2931 1770 3024 mihi
1800 2931 2041 3056 praestitit.

416 3075 526 3192 Jam
555 3122 609 3192 ut
635 3100 747 3192 alias
773 3133 930 3226 saepe,
977 3101 1121 3194 etiam
1151 3100 1395 3195 inhaere
1430 3103 1638 3232 perspexi
1677 3102 1920 3198 veritatem
1947 3135 2043 3198 ver-

288 3312 304 3350 ι
417 3267 588 3360 borum
610 3290 857 3394 poetarum
874 3270 1121 3398 principis,
1148 3270 1368 3364 dicentis:

589 3549 593 3560 '
661 3583 702 3594 -
743 3544 815 3607 ἀλλ’
838 3544 867 3607 al
888 3546 940 3617 τίς
963 3569 1018 3627 μοι
1041 3544 1121 3628 ἀνὴρ
1144 3539 1200 3626 οἴμ’
1222 3539 1341 3604 ἕποιτο
1362 3533 1419 3602 aul
1439 3541 1561 3622 ἄλλος,

664 3671 793 3754 μᾶλλον
812 3671 970 3755 θαλπωρὴ
991 3669 1047 3730 καὶ
1066 3667 1341 3754 θαρσαλεώτερον
1362 3665 1473 3750 lorus.

664 3793 727 3853 οὖν
749 3813 787 3852 τι
810 3789 858 3851 δύ’
880 3791 1055 3876 ἐρχομένω,
1075 3787 1134 3850 καί
1153 3810 1192 3851 τι
1214 3785 1275 3872 πρὸ
1298 3787 1316 3848 ὁ
1336 3793 1399 3848 τοῦ
1420 3783 1573 3864 deductu,

665 3907 777 3984 ὅππως
797 3912 908 3999 κέρδος
930 3907 980 3994 ἔῃ·
1003 3919 1122 3994 μοῦνος
1142 3907 1171 3972 δ’
1192 3905 1284 3989 timp
1303 3922 1343 3972 ‘n
1362 3907 1479 3996 volup,

661 4029 754 4094 ’ἀλλά
776 4055 812 4094 τε
836 4036 868 4094 οἱ
890 4033 1045 4117 βράσσων
1067 4055 1105 4095 το
1126 4033 1218 4112 νόος,
1238 4029 1343 4103 λεπτὴ
1365 4029 1401 4092 δέ
1422 4053 1461 4092 τε
1484 4037 1591 4113 μῆτις.

1380 4193 1486 4258 Iliadis
1504 4195 1525 4258 l.
1546 4195 1581 4258 X.
1603 4220 1641 4260 vs.
1662 4216 1721 4260 οοο
1742 4220 1803 4283 sqq.

1009 4523 1447 4557 mm.-
