4678 6170
1824 605 1873 680 tr

1002 793 1039 896 9
1087 797 1145 870 Μ.

344 937 384 1007 Si
406 957 525 1010 muru
545 937 745 1026 considera,
772 938 866 1008 unde
884 939 1052 1026 evenerit,
1076 937 1338 1034 u'tphysialagi
1358 946 1490 1010 adsim
1503 941 1624 1011 aetatis
1642 940 1872 1030 quaestionem

250 1081 296 1150 da
313 1083 459 1170 quatuor
474 1081 545 1150 illis
562 1080 695 1186 nerpis,
718 1101 805 1172 quos
821 1101 924 1172 supra
948 1079 1047 1166 dixi,
1078 1077 1123 1146 de
1142 1075 1291 1148 Faciet
1308 1079 1462 1167 seilicet,
1498 1075 1872 1176 Glosseplroryngeo‚

255 1215 365 1315 Vugo
386 1232 421 1290 et
438 1217 678 1308 Accessorio,
708 1243 773 1290 uon
798 1222 847 1290 ud
867 1197 1039 1310 liquidum
1058 1217 1306 1307 perducerent,
1339 1227 1442 1308 atque
1466 1229 1620 1287 naturam
1644 1219 1768 1287 borum
1794 1239 1873 1288 ner·

250 1377 370 1426 rorum
388 1358 527 1426 mixtam
547 1357 732 1445 baberent,
763 1367 798 1427 at
818 1359 1059 1450 experimentis
1076 1357 1147 1423 suis
1173 1377 1214 1424 eo
1231 1377 1271 1424 aa
1293 1357 1421 1426 adduci
1446 1366 1664 1446 paterentur,
1698 1364 1737 1424 ut
1757 1355 1874 1426 ambas

251 1494 328 1563 illas
349 1493 528 1564 facultates
556 1496 600 1564 iis
620 1496 859 1588 adsignarent,
897 1507 1035 1588 praeter
1059 1513 1193 1561 errores
1227 1493 1414 1581 quosdam,
1451 1493 1577 1582 quibus
1607 1493 1745 1584 decepti
1777 1497 1873 1579 aaut,

250 1632 338 1702 lraec
353 1631 440 1736 milri
457 1633 595 1702 ridetur
610 1635 797 1726 praecipua
818 1634 925 1704 inissa
944 1657 1064 1720 musa,
1094 1631 1191 1720 quod
1210 1631 1443 1724 ignoraverint
1460 1633 1596 1724 legem,
1628 1651 1731 1722 quam
1758 1641 1875 1712 nutura¹

251 1771 287 1839 in
307 1771 557 1865 conjungendis
575 1773 646 1842 illis
662 1773 797 1842 duobus
818 1793 1000 1842 nervorum
1022 1771 1208 1866 generibus
1225 1771 1355 1851 tenuit;
1390 1771 1470 1839 dein
1485 1771 1582 1860 quod
1598 1773 1635 1839 in
1655 1772 1734 1840 illas
1752 1787 1876 1843 uarvct

251 1911 301 1980 ibi
317 1911 581 1998 inquisiverunt,
601 1911 662 1980 nbi
681 1922 797 1980 natura
817 1913 1006 1982 secundum
1026 1913 1121 1981 illam
1137 1909 1252 2000 legam
1269 1919 1451 1996 utrumque
1467 1911 1646 1978 nervorum
1667 1927 1775 2001 genus
1791 1927 1875 1978 con-

246 2042 380 2133 junxit;
411 2047 574 2136 quocirca
593 2047 669 2116 deri
688 2049 906 2140 aon-potuit,
935 2049 1020 2138 quin
1040 2047 1120 2116 illos
1137 2067 1258 2114 nervos
1288 2045 1414 2114 mixtae
1431 2057 1567 2116 naturae
1590 2042 1766 2116 haberent
1826 2047 1876 2117 Ut

252 2201 333 2251 vara
353 2183 597 2276 investigarent
613 2195 649 2256 et
664 2187 901 2276 explorarent,
926 2197 1039 2256 utrurn
1057 2206 1180 2254 nervus
1199 2184 1339 2252 motioni
1356 2187 1470 2274 potius
1486 2205 1531 2252 an
1546 2183 1761 2254 sensibilitati
1778 2204 1878 2277 praa·

253 2329 361 2406 earet,
394 2341 496 2415 opem
512 2325 706 2416 petiverunt
728 2327 852 2415 partim
877 2325 921 2394 ab
945 2325 1127 2409 insternit,
1163 2321 1287 2414 partim
1310 2324 1355 2393 ab
1380 2325 1633 2416 experimentis.
1688 2324 1770 2393 dana
1795 2344 1878 2394 varo

223 2461 385 2548 priores
407 2463 588 2530 anatomici
616 2463 873 2548 intellexerant,
914 2482 1036 2530 nervos
1053 2461 1263 2538 ‚matomiois
1290 2463 1361 2530 suis
1386 2461 1573 2530 rationibus
1600 2463 1754 2531 diversos
1784 2481 1878 2548 esse,

252 2599 454 2685 praesertim
475 2597 632 2696 modoet
652 2599 730 2667 loco
747 2599 910 2690 originis,
936 2598 1062 2666 duritie
1085 2607 1119 2666 et
1139 2595 1331 2684 soliditate,
1356 2599 1471 2666 colors
1493 2606 1529 2668 tt
1548 2599 1669 2667 ordine
1689 2597 1826 2668 filorum
1845 2605 1880 2668 et

252 2733 447 2826 virgarium
481 2756 625 2824 eamque
640 2735 871 2804 diversitatem
889 2755 969 2822 cum
990 2735 1120 2803 ratione
1137 2755 1343 2827 organorum
1358 2743 1417 2802 aut
1432 2737 1593 2822 telarum,
1629 2735 1675 2804 ad
1695 2757 1784 2828 quaa
1806 2746 1880 2807 sese

252 2870 464 2960 conferrent,
489 2890 688 2966 congruere
746 2863 1085 2958 Animadvertamut,
1112 2893 1253 2959 nemos,
1279 2873 1339 2963 qui
1358 2894 1422 2940 uua
1440 2873 1673 2940 tantummodo
1693 2883 1751 2940 aut
1771 2875 1881 2964 pluri·

253 3009 317 3080 bus
341 3011 404 3080 sed
425 3012 535 3084 minus
561 3012 683 3084 crassis
705 3013 931 3102 rotundisque
953 3011 1127 3080 radicibus
1148 3033 1228 3080 mox
1253 3012 1289 3078 in
1305 3033 1408 3080 unum
1432 3020 1590 3080 truncam
1614 3011 1816 3082 coeuntibus
1838 3028 1880 3080 ex

252 3149 398 3218 cerebro
413 3163 472 3219 rut
492 3152 644 3222 medulla
661 3151 786 3243 spinuli
806 3153 996 3236 orirentur,
1027 3149 1157 3238 quique
1177 3148 1312 3216 duriori
1340 3148 1565 3238 solidiorique
1588 3159 1777 3236 structura,
1802 3169 1881 3219 cau·

254 3287 338 3356 dida
355 3290 467 3380 magis
480 3293 597 3360 colore
616 3289 651 3358 et
664 3293 700 3360 in
713 3313 776 3361 suo
791 3291 938 3360 decursu
956 3290 1105 3358 rotundo
1118 3296 1221 3376 atque
1237 3287 1398 3358 contiuuo
1416 3307 1597 3357 nervorum
1614 3299 1738 3358 trunco
1754 3299 1882 3377 essent,

254 3427 314 3515 qui
338 3427 488 3517 denique
513 3405 677 3516 nusquam
705 3429 815 3496 ullum
843 3429 971 3496 nodum
992 3427 1230 3504 ostenderentt
1260 3447 1319 3496 eos
1341 3429 1448 3520 igitur
1469 3445 1589 3497 nervos
1615 3431 1820 3520 plerumque
1838 3431 1883 3498 ad

254 3565 426 3672 musculas
448 3585 523 3636 sess
550 3573 584 3634 at
608 3566 653 3634 ad
680 3587 811 3656 organa
834 3567 941 3634 motui
965 3565 1145 3634 servientia
1166 3563 1325 3634 conferre
1349 3566 1582 3635 observarunt.
1645 3567 1771 3636 Contra
1798 3567 1884 3636 alios

255 3727 393 3792 nervos,
425 3707 486 3796 qui
506 3729 526 3774 a
544 3707 725 3797 permultis
745 3705 857 3796 iisque
876 3704 1079 3774 tenuissimis
1098 3697 1166 3774 fiiis
1185 3707 1340 3792 oriundi,
1371 3707 1594 3818 mollitiasua
1615 3709 1785 3797 quandam
1806 3727 1884 3775 curn

255 3861 412 3910 sensuum
435 3844 548 3913 nervis
576 3843 746 3912 haberent
770 3842 1049 3928 similitudinem,
1094 3843 1211 3912 colore
1244 3853 1357 3910 essent
1384 3844 1537 3931 rabello,
1577 3825 1746 3914 structura
1773 3853 1885 3916 auteur

139 4001 143 4008 ·
255 3981 351 4072 quasi
369 3999 411 4046 ex
429 3979 588 4069 pluribus
609 3999 792 4048 nervorum
808 3979 876 4046 iilis
897 3982 1056 4058 connais
1078 3991 1113 4049 et
1125 3979 1259 4069 junctis
1279 3981 1485 4070 composita,
1510 3982 1546 4048 in
1566 3981 1713 4050 decursu
1737 3983 1887 4071 denique

255 4130 452 4187 truncorum
471 4136 607 4184 suorum
625 4117 785 4208 proprios
807 4115 975 4184 haberent
992 4126 1142 4188 tumores
1162 4123 1197 4187 et
1221 4119 1506 4208 nmiflertonee,
1531 4123 1674 4216 ganglia
1696 4125 1830 4194 scilicet
1853 4135 1888 4201 at

255 4247 375 4352 plexus
391 4257 595 4341 formarent,
620 4258 685 4326 hos
704 4281 825 4328 nervos
841 4279 956 4328 omnes
983 4258 1028 4326 ad
1045 4259 1298 4330 mambranosas
1322 4262 1538 4352 potissimum
1559 4271 1691 4353 partes,
1719 4273 1832 4332 cutem
1854 4273 1888 4332 et

255 4399 486 4468 membranam
505 4417 677 4466 mucosum
698 4399 842 4466 tendere
860 4399 1181 4468 animadverterunt
1239 4397 1326 4466 Mor
1342 4401 1541 4491 cognitum,
1577 4421 1635 4468 eoa
1656 4421 1798 4486 nervos,
1828 4403 1888 4490 qui

256 4541 484 4628 proprietates
502 4535 595 4604 illius
612 4555 793 4605 nervorum
808 4535 925 4604 classis
940 4536 1066 4626 prioris
1085 4545 1143 4604 aut
1162 4545 1302 4604 cunctas
1326 4546 1384 4602 aut
1402 4535 1581 4606 nonnullas
1603 4537 1724 4605 saltem
1746 4559 1830 4631 praa
1851 4555 1888 4608 se

256 4677 385 4763 leram,
410 4677 535 4763 motui,
560 4675 620 4766 qui
636 4651 776 4744 alterius
792 4673 928 4759 classis,
954 4671 1170 4744 sensibilitati
1186 4691 1354 4763 praeesse.
1415 4673 1513 4742 Haec
1529 4673 1728 4768 conjectura
1751 4677 1888 4769 experi-

256 4813 378 4882 mentis
396 4813 441 4882 de
458 4814 614 4883 vivarum
629 4813 826 4881 animalium
842 4810 1046 4902 corporibus
1058 4811 1169 4903 captia
1182 4811 1404 4904 comprobata
1422 4823 1484 4886 est.
1533 4815 1607 4885 Nec
1625 4826 1736 4885 umen
1752 4817 1819 4885 hac
1833 4817 1889 4885 via

257 4951 342 5054 certi
360 4949 549 5042 quidquam
570 4951 615 5019 de
634 4951 783 5020 maximo
800 4969 982 5020 nervorum
1006 4970 1149 5020 numero
1169 4951 1272 5022 statui
1294 4951 1417 5044 potuit.
1471 4951 1635 5043 Plerique
1655 4955 1746 5022 enim
1773 4954 1808 5022 in
1827 4974 1890 5024 suo

258 5089 404 5160 decursu
429 5098 464 5159 et
483 5088 730 5162 divaricatione
748 5088 1019 5183 proprietatibus
1044 5089 1222 5181 utriusque
1247 5090 1367 5160 classis
1389 5091 1540 5182 praediti
1564 5091 1793 5184 apparebant,
1827 5095 1888 5162 atsi

257 5251 314 5318 ea,
339 5254 426 5328 quae
447 5227 553 5322 bujm
575 5229 736 5320 illiusque
751 5233 870 5304 clauis
885 5231 1027 5324 propria
1050 5237 1180 5310 errent,
1212 5228 1248 5297 in
1266 5249 1336 5296 nna
1352 5229 1505 5300 alterove
1522 5251 1628 5300 nervo
1645 5231 1889 5324 praevalerent
