4678 6170
440 789 668 882 asperrimum
691 783 868 874 quendam
888 789 923 850 at
943 788 1079 850 acuurm
1099 799 1219 848 sorum
1245 777 1378 862 emisit,
1412 777 1571 865 quicum
1591 776 1713 848 uulnus
1742 787 1897 849 sanatum
1919 788 2006 850 esset
2033 781 2068 848 ia

443 928 519 1002 dies
538 926 656 998 solitae
676 925 750 1017 ejus
773 923 850 992 voci
871 921 1015 991 similior
1040 920 1150 990 lactus
1171 927 1231 988 ost.
1266 947 1316 970 ...
1353 919 1444 988 Tum
1466 941 1507 988 eo
1529 919 1731 1004 interiecto,
1763 921 1874 988 omnia
1894 920 1943 988 ita
1964 923 2013 991 uli
2034 923 2068 990 iu

443 1089 526 1136 caue
547 1066 652 1156 paulo
673 1073 749 1132 aute
769 1064 945 1153 descripto
971 1059 1097 1128 iuveni.
1154 1057 1193 1126 lu
1212 1056 1278 1126 bac
1300 1058 1566 1167 quoquenbestia
1589 1058 1784 1150 superiores
1801 1067 1915 1148 partes
1934 1056 2070 1132 Aroes·

441 1209 626 1280 coriorum
648 1215 726 1276 octo
747 1227 808 1275 seu
827 1205 948 1272 decem
969 1201 1146 1270 radicibus
1164 1198 1291 1266 illaesis
1315 1198 1351 1266 ia
1367 1199 1519 1268 medulla
1537 1198 1729 1293 oblongam
1740 1193 1863 1269 affixae
1884 1210 1997 1287 eraut,
2032 1210 2071 1270 ut

326 1369 328 1374 ·
442 1371 485 1418 aa
498 1349 536 1418 io
550 1349 619 1418 hoc
636 1347 778 1438 quidem
792 1368 895 1433 cane,
913 1346 997 1414 licet
1011 1343 1205 1412 inferiorem
1222 1346 1354 1432 partem
1370 1338 1510 1407 alterius
1527 1340 1621 1406 nervi
1636 1361 1656 1408 e
1671 1337 1822 1408 medulla
1836 1339 1961 1430 spirali
1980 1343 2071 1410 evel-

442 1493 577 1578 Ιὶιοοιιι,
603 1490 721 1560 dicere
737 1510 891 1581 possem,
916 1509 971 1555 me
988 1507 1123 1554 omnem
1139 1501 1318 1554 nervorum
1337 1477 1637 1550 decessorum
1651 1481 1721 1550 vim
1739 1482 1924 1550 sustulisse.

1188 1717 1223 1816 p
1270 1719 1329 1788 aa.

540 1907 627 2002 Cum
645 1907 730 1976 milri
748 1907 956 1998 persuadere
976 1929 1041 1974 nou
1059 1927 1215 1996 possem,
1239 1901 1426 1972 titubantes
1443 1903 1520 1972 illae
1537 1903 1720 1992 motiones,
1744 1923 1833 1992 quae
1848 1915 1928 1997 post
1945 1927 2069 1996 opera·

441 2052 568 2118 tioaem
587 2055 894 2135 consequerentur,
920 2046 1029 2113 asola
1052 2065 1232 2114 nervorum
1254 2042 1554 2114 Accessoriorum
1575 2044 1780 2115 dissectione
1803 2047 1907 2131 oriri,
1920 2057 1967 2115 et
1986 2069 2070 2139 per·

441 2192 671 2261 suasissimum
698 2188 785 2257 milri
814 2197 919 2272 esset,
957 2210 1013 2254 me
1041 2188 1075 2254 ia
1103 2181 1406 2278 experimeulaudo
1440 2204 1504 2253 ucc
1533 2183 1719 2254 medullam
1748 2182 1968 2276 oblongatam
2005 2207 2068 2254 aec

440 2330 651 2401 cerebellum
679 2329 751 2396 ullo
779 2329 855 2395 loco
887 2327 1044 2413 laesisse,
1076 2325 1152 2417 jam
1172 2324 1269 2393 mibi
1298 2335 1372 2394 orta
1400 2335 1451 2395 est
1477 2327 1645 2417 suspicio,
1678 2350 1721 2395 aa
1743 2323 1813 2395 s'ola
1836 2328 1968 2418 apertio
1992 2333 2068 2398 caui
2112 2391 2115 2400 .

443 2472 547 2540 cranii
571 2480 604 2538 ct
625 2469 796 2538 medullae
816 2467 976 2559 spinalis,
1008 2466 1210 2558 praesertim
1239 2487 1322 2546 vero
1343 2465 1519 2533 effluvium
1540 2466 1683 2555 liquoris
1706 2466 1798 2536 illius
1821 2468 1993 2536 interdum
2016 2479 2068 2537 sat

441 2612 598 2704 largum,
630 2610 727 2677 illum
745 2606 903 2676 ellectum
925 2605 1077 2674 baberet
1138 2605 1242 2691 Quod
1268 2614 1304 2671 ut
1326 2603 1515 2691 discerem,
1548 2605 1584 2673 ia
1600 2626 1685 2674 caue
1703 2607 1762 2694 qui
1782 2605 1826 2673 ad
1843 2607 1948 2674 alium
1964 2569 2068 2695 queu-

443 2751 523 2819 dam
542 2767 638 2820 urum
658 2748 915 2817 interficiendas
934 2756 1027 2832 erut,
1060 2746 1183 2814 eodem
1207 2765 1248 2813 ac
1274 2763 1378 2834 supra
1405 2743 1572 2833 descripsi
1598 2744 1719 2832 modo,
1753 2765 1875 2814 cavum
1898 2746 2068 2814 medullae

440 2890 583 2981 spinulis
602 2888 732 2980 aperui.
789 2887 922 2978 Magna
940 2886 1041 2976 copia
1065 2885 1157 2953 illiue
1178 2885 1323 2974 liquoris
1343 2883 1467 2970 effusa,
1501 2887 1595 2954 cauis
1615 2905 1694 2954 cum
1714 2908 1791 2955 eum
1811 2887 1956 2957 vinculis
1977 2888 2069 2956 libe-

440 3055 587 3119 rassem,
618 3031 740 3100 eodem
761 3029 865 3104 modo
884 3029 1065 3123 sogessit,
1098 3028 1278 3117 quocaoie
1299 3025 1432 3116 dequo
1452 3049 1555 3119 supra
1573 3029 1726 3116 narravi,
1758 3031 1806 3098 itu
1831 3039 1869 3098 ut
1889 3017 2070 3121 appareret

441 3172 535 3240 illius
560 3171 704 3258 liquoris
734 3169 892 3254 effluvio,
936 3177 970 3237 et
996 3167 1085 3238 aeris
1117 3168 1153 3234 iu
1187 3187 1308 3236 cauum
1334 3171 1440 3237 cranii
1479 3179 1513 3237 et
1552 3170 1723 3239 medullae
1755 3172 1896 3262 spinalis
1929 3172 2069 3242 introitu

440 3310 517 3379 illas
545 3309 710 3378 motiones
737 3308 945 3400 irregulares
971 3305 1162 3398 provocari.
1223 3307 1345 3377 Postea
1372 3310 1447 3377 vidi
1474 3309 1586 3378 simile
1611 3311 1696 3400 quid
1720 3312 1798 3404 jam
1825 3336 1845 3382 ιι
1872 3313 2068 3382 Dssuouu-

441 3475 498 3522 ruo
528 3445 579 3542 ²⁵)
616 3451 660 3521 de
685 3450 753 3519 hoc
779 3451 914 3540 liquore
939 3450 1176 3536 observatum,
1217 3448 1312 3539 quod
1338 3472 1415 3521 cum
1440 3453 1529 3540 illis,
1566 3445 1653 3541 q'uae
1675 3437 1840 3543 'equiamm
1871 3455 2069 3542 observavi,

441 3613 581 3683 prorsus
614 3591 789 3677 convenil,
825 3587 1191 3682 praeterquamquod
1223 3610 1324 3656 canes
1359 3611 1427 3655 uon
1457 3599 1526 3655 tam
1560 3591 1658 3657 brevi
1692 3592 1797 3658 sanati
1825 3601 1928 3677 suut,
1966 3613 2069 3678 quam

442 3731 694 3800 Dasmouerums
720 3741 844 3799 narrat

1185 3966 1326 4065 §.aa

540 4155 621 4224 Jam
640 4178 723 4224 vero
741 4151 921 4248 desperaii
943 4179 998 4224 me
1016 4155 1054 4223 id
1075 4156 1169 4245 qaod
1189 4158 1281 4225 volui
1304 4157 1438 4245 assequi
1457 4179 1575 4248 posse,
1611 4155 1692 4246 quia
1711 4115 1778 4227 noa
1801 4159 1873 4227 vidi
1899 4161 2071 4248 quomodo

327 4289 335 4306 ”
442 4297 518 4365 lieri
543 4305 675 4387 posset,
708 4303 747 4363 ut
773 4296 850 4364 illae
878 4318 1015 4384 quoque
1045 4317 1104 4364 sex
1135 4297 1191 4363 vel
1214 4306 1294 4364 octo
1325 4298 1461 4378 radices
1490 4298 1681 4386 emedulla
1702 4300 1885 4394 oblongaia
1912 4302 2074 4372 oriundas

475 4535 525 4602 H)
543 4539 713 4590 Βιιιιοιιιιιιι
731 4533 787 4584 l.l.
810 4533 843 4584 Τ.
859 4531 893 4584 11
918 4549 943 4600 p.
962 4529 1023 4586 538.
1050 4569 1068 4598 ,,
1079 4531 1155 4586 Volci
1178 4533 1203 4584 le
1219 4532 1335 4587 rdnllul
1358 4535 1391 4586 de
1406 4535 1528 4604 quelques
1544 4537 1708 4603 emerim
1731 4556 1778 4592 rur
1795 4539 1823 4590 tu
1839 4540 2020 4594 wuetruelios
2042 4543 2076 4597 de

541 4627 617 4678 Pecu
632 4627 669 4677 du
685 4625 765 4676 οιιιιοι
780 4623 923 4676 vertebrol.
957 4623 1008 4676 bea
1024 4629 1201 4676 mouaemrate
1227 4628 1254 4674 ct
1270 4623 1298 4674 lu
1312 4623 1430 4676 eisaeitd
1447 4626 1480 4677 de
1497 4626 1623 4680 l’ooiruol
1645 4633 1706 4680 suut
1724 4628 1853 4680 doutoat
1868 4629 1931 4694 plue
1947 4631 2073 4696 rdleutr'r,

541 4715 611 4786 pu's'l
625 4721 666 4766 eet
681 4715 743 4782 plue
759 4714 821 4782 dgd.
859 4713 934 4766 Celte
950 4712 1085 4782 lougrreur
1100 4715 1166 4766 dure
1179 4714 1292 4782 luepu’d
1309 4732 1337 4768 ee
1353 4721 1448 4782 pu'uae
1464 4719 1582 4770 nouvelle
1597 4717 1752 4770 abdallae
1770 4717 1812 4770 ait
1828 4719 1922 4786 remple'
1939 4721 1964 4774 le
1979 4723 2073 4783 cuuol,

541 4821 570 4860 ce
585 4803 632 4872 qui
648 4804 738 4856 orriae
754 4820 791 4854 ou
807 4803 869 4855 boat
885 4803 918 4855 de
935 4802 995 4856 duit
1011 4802 1030 4853 d
1045 4801 1090 4854 dis
1100 4803 1185 4868 josue.
1214 4805 1255 4856 Ua
1273 4806 1347 4858 ettae
1364 4807 1469 4869 adulte,
1487 4809 1603 4862 emutat
1619 4808 1697 4876 apr&
1714 4809 1892 4864 leuueuult'ou
1908 4810 1945 4862 du
1962 4811 2074 4880 liquide,

540 4895 630 4946 torulo
646 4895 716 4948 dour
732 4911 770 4946 ιιιι
785 4894 843 4944 etat
859 4894 892 4945 de
902 4897 1002 4959 fureur
1016 4893 1170 4958 macieque,
1192 4894 1239 4960 qui
1256 4895 1420 4948 rereembloit
1444 4896 1577 4966 beaucoup
1596 4899 1614 4949 ri
1631 4899 1660 4950 lu
1677 4915 1761 4966 ruge,
1786 4899 1855 4952 ιιιοέι
1872 4899 1892 4950 il
1908 4902 2009 4954 u'dtaa'l
2022 4918 2074 4969 pos

542 4983 716 5052 bydroplcbe.
761 4981 802 5034 Ειι
820 4989 962 5050 meuupuut
978 4984 1011 5035 de
1029 4981 1148 5042 mordre,
1173 4981 1383 5051 ileorumeapoil
1406 4989 1430 5040 le
1446 4993 1610 5040 mouueroeol
1634 4989 1667 5041 de
1683 4989 1818 5042 e’dluaeer
1833 5006 1866 5041 eu
1882 4996 1981 5052 aeaut,
2006 4993 2076 5045 ιιιιίι

543 5072 658 5126 uursitdl
680 5074 745 5126 ilee
762 5072 907 5126 redrerrur't
923 5079 949 5126 ct
967 5089 996 5124 ee
1010 5072 1158 5124 reaoereoit
1182 5089 1215 5126 eu
1232 5073 1340 5128 arridre.
1395 5075 1441 5130 Cet
1458 5079 1517 5132 dai
1531 5078 1602 5132 dero
1618 5079 1713 5148 elcard
1727 5080 1864 5146 resume.
1907 5082 1948 5134 Aa
1962 5081 2025 5134 boul
2042 5081 2076 5136 de

542 5161 685 5227 disicere
708 5163 728 5216 il
749 5159 818 5217 dicit
840 5181 937 5218 reueuu
960 5161 1121 5232 toul-d-sait
1142 5164 1234 5222 calme·
1277 5164 1301 5220 ll
1324 5167 1407 5220 serait
1431 5168 1448 5218 d
1470 5185 1523 5220 uae
1545 5175 1623 5222 οοιιο
1647 5171 1817 5239 ιφέιίοιιοοι
1839 5172 1913 5224 l’eoe
1935 5170 1972 5223 du
1996 5171 2076 5223 moal

544 5249 641 5304 e'dlut'l
657 5253 841 5319 reprodue'te·”
