<?xml version="1.0" encoding="UTF-8"?>
<!DOCTYPE html PUBLIC "-//W3C//DTD XHTML 1.0 Transitional//EN"
    "http://www.w3.org/TR/xhtml1/DTD/xhtml1-transitional.dtd">
<html xmlns="http://www.w3.org/1999/xhtml" xml:lang="en" lang="en">
 <head>
  <title>
</title>
<meta http-equiv="Content-Type" content="text/html;charset=utf-8" />
  <meta name='ocr-system' content='tesseract 3.04.00' />
  <meta name='ocr-capabilities' content='ocr_page ocr_carea ocr_par ocr_line ocrx_word'/>
</head>
<body>
  <div class='ocr_page' id='page_1' title='image "./nerviaccessorii00biscgoog_0016.png"; bbox 0 0 4672 6172; ppageno 0'>
   <div class='ocr_carea' id='block_1_1' title="bbox 251 645 1884 3437">
    <p class='ocr_par' dir='ltr' id='par_1_1' title="bbox 251 645 1884 3024">
     <span class='ocr_line' id='line_1_1' title="bbox 1702 645 1880 722; baseline 0 0"><span class='ocrx_word' id='word_1_1' title='bbox 1702 645 1706 652; x_wconf 76' lang='grc'><strong>’</strong></span> <span class='ocrx_word' id='word_1_2' title='bbox 1855 653 1880 722; x_wconf 75' lang='grc' dir='ltr'><strong>ἰ</strong></span> 
     </span>
     <span class='ocr_line' id='line_1_2' title="bbox 252 843 1877 957; baseline -0.005 -33"><span class='ocrx_word' id='word_1_3' title='bbox 252 872 330 924; x_wconf 87' lang='lat' dir='ltr'><strong>eum</strong></span> <span class='ocrx_word' id='word_1_4' title='bbox 344 873 476 922; x_wconf 86' lang='lat' dir='ltr'><strong>ramum</strong></span> <span class='ocrx_word' id='word_1_5' title='bbox 495 849 747 957; x_wconf 69' lang='lat' dir='ltr'><strong>matummodo,</strong></span> <span class='ocrx_word' id='word_1_6' title='bbox 771 867 832 918; x_wconf 88' lang='lat' dir='ltr'><strong>seu</strong></span> <span class='ocrx_word' id='word_1_7' title='bbox 849 847 1002 919; x_wconf 81' lang='lat' dir='ltr'><strong>radicem</strong></span> <span class='ocrx_word' id='word_1_8' title='bbox 1019 845 1116 916; x_wconf 87' lang='lat' dir='ltr'><strong>nervi</strong></span> <span class='ocrx_word' id='word_1_9' title='bbox 1130 843 1221 938; x_wconf 78' lang='lat' dir='ltr'><strong>vagi</strong></span> <span class='ocrx_word' id='word_1_10' title='bbox 1247 865 1320 916; x_wconf 86' lang='lat' dir='ltr'><strong>esse</strong></span> <span class='ocrx_word' id='word_1_11' title='bbox 1342 851 1522 937; x_wconf 87' lang='lat' dir='ltr'><strong>putarunt,</strong></span> <span class='ocrx_word' id='word_1_12' title='bbox 1555 845 1618 916; x_wconf 89' lang='lat' dir='ltr'><strong>sed</strong></span> <span class='ocrx_word' id='word_1_13' title='bbox 1637 845 1745 918; x_wconf 90' lang='lat' dir='ltr'><strong>multo</strong></span> <span class='ocrx_word' id='word_1_14' title='bbox 1765 847 1877 940; x_wconf 76' lang='lat' dir='ltr'><strong>magis</strong></span> 
     </span>
     <span class='ocr_line' id='line_1_3' title="bbox 252 981 1881 1082; baseline -0.002 -22"><span class='ocrx_word' id='word_1_15' title='bbox 252 991 365 1060; x_wconf 80' lang='lat' dir='ltr'><strong>etiam</strong></span> <span class='ocrx_word' id='word_1_16' title='bbox 375 990 601 1082; x_wconf 83' lang='lat' dir='ltr'><strong>posteriores,</strong></span> <span class='ocrx_word' id='word_1_17' title='bbox 632 983 976 1080; x_wconf 84' lang='lat' dir='ltr'><strong>postquampropria</strong></span> <span class='ocrx_word' id='word_1_18' title='bbox 1000 981 1221 1075; x_wconf 83' lang='lat' dir='ltr'><strong>hujus&#39;nervi</strong></span> <span class='ocrx_word' id='word_1_19' title='bbox 1242 986 1343 1080; x_wconf 84' lang='lat' dir='ltr'><strong>origo</strong></span> <span class='ocrx_word' id='word_1_20' title='bbox 1368 985 1598 1078; x_wconf 77' lang='lat' dir='ltr'><strong>propriusque</strong></span> <span class='ocrx_word' id='word_1_21' title='bbox 1618 985 1693 1078; x_wconf 88' lang='lat' dir='ltr'><strong>ejus</strong></span> <span class='ocrx_word' id='word_1_22' title='bbox 1716 987 1881 1058; x_wconf 76' lang='lat' dir='ltr'><strong>decursus</strong></span> 
     </span>
     <span class='ocr_line' id='line_1_4' title="bbox 252 1121 1880 1224; baseline -0.005 -25"><span class='ocrx_word' id='word_1_23' title='bbox 252 1149 446 1224; x_wconf 75' lang='lat' dir='ltr'><strong>magnaque</strong></span> <span class='ocrx_word' id='word_1_24' title='bbox 462 1136 602 1198; x_wconf 85' lang='lat' dir='ltr'><strong>naturae</strong></span> <span class='ocrx_word' id='word_1_25' title='bbox 616 1125 770 1218; x_wconf 85' lang='lat' dir='ltr'><strong>ejusdem</strong></span> <span class='ocrx_word' id='word_1_26' title='bbox 783 1123 1007 1216; x_wconf 69' lang='lat' dir='ltr'><strong>explicandae</strong></span> <span class='ocrx_word' id='word_1_27' title='bbox 1020 1123 1205 1193; x_wconf 83' lang='lat' dir='ltr'><strong>dilflctdtas</strong></span> <span class='ocrx_word' id='word_1_28' title='bbox 1220 1125 1487 1193; x_wconf 81' lang='lat' dir='ltr'><strong>anatomicorum</strong></span> <span class='ocrx_word' id='word_1_29' title='bbox 1501 1123 1633 1224; x_wconf 79' lang='lat' dir='ltr'><strong>animoa</strong></span> <span class='ocrx_word' id='word_1_30' title='bbox 1648 1121 1694 1191; x_wconf 90' lang='lat' dir='ltr'><strong>ad</strong></span> <span class='ocrx_word' id='word_1_31' title='bbox 1703 1145 1745 1193; x_wconf 87' lang='lat' dir='ltr'><strong>ee</strong></span> <span class='ocrx_word' id='word_1_32' title='bbox 1757 1123 1880 1194; x_wconf 86' lang='lat' dir='ltr'><strong>adver·</strong></span> 
     </span>
     <span class='ocr_line' id='line_1_5' title="bbox 253 1261 1882 1355; baseline -0.002 -19"><span class='ocrx_word' id='word_1_33' title='bbox 253 1267 315 1355; x_wconf 88' lang='lat' dir='ltr'><strong>tit,</strong></span> <span class='ocrx_word' id='word_1_34' title='bbox 334 1268 372 1336; x_wconf 91' lang='lat' dir='ltr'><strong>in</strong></span> <span class='ocrx_word' id='word_1_35' title='bbox 383 1266 629 1336; x_wconf 84' lang='lat' dir='ltr'><strong>diversissimae</strong></span> <span class='ocrx_word' id='word_1_36' title='bbox 639 1262 820 1354; x_wconf 90' lang='lat' dir='ltr'><strong>opiniones</strong></span> <span class='ocrx_word' id='word_1_37' title='bbox 833 1261 1070 1332; x_wconf 86' lang='lat' dir='ltr'><strong>discesserunt</strong></span> <span class='ocrx_word' id='word_1_38' title='bbox 1117 1261 1192 1332; x_wconf 83' lang='lat' dir='ltr'><strong>Sed</strong></span> <span class='ocrx_word' id='word_1_39' title='bbox 1202 1263 1327 1354; x_wconf 88' lang='lat' dir='ltr'><strong>partim</strong></span> <span class='ocrx_word' id='word_1_40' title='bbox 1341 1265 1421 1354; x_wconf 85' lang='lat' dir='ltr'><strong>quia</strong></span> <span class='ocrx_word' id='word_1_41' title='bbox 1434 1263 1543 1332; x_wconf 90' lang='lat' dir='ltr'><strong>minus</strong></span> <span class='ocrx_word' id='word_1_42' title='bbox 1555 1269 1714 1332; x_wconf 88' lang='lat' dir='ltr'><strong>accurate</strong></span> <span class='ocrx_word' id='word_1_43' title='bbox 1725 1262 1882 1350; x_wconf 83' lang='lat' dir='ltr'><strong>scitaque</strong></span> 
     </span>
     <span class='ocr_line' id='line_1_6' title="bbox 251 1397 1881 1498; baseline -0.002 -25"><span class='ocrx_word' id='word_1_44' title='bbox 251 1412 515 1498; x_wconf 86' lang='lat' dir='ltr'><strong>praepararunt,</strong></span> <span class='ocrx_word' id='word_1_45' title='bbox 546 1399 854 1494; x_wconf 80' lang='lat' dir='ltr'><strong>indiligentiusque</strong></span> <span class='ocrx_word' id='word_1_46' title='bbox 882 1397 1094 1472; x_wconf 81' lang='lat' dir='ltr'><strong>tenuissimas</strong></span> <span class='ocrx_word' id='word_1_47' title='bbox 1119 1403 1216 1472; x_wconf 87' lang='lat' dir='ltr'><strong>nervi</strong></span> <span class='ocrx_word' id='word_1_48' title='bbox 1243 1403 1348 1472; x_wconf 84' lang='lat' dir='ltr'><strong>librae</strong></span> <span class='ocrx_word' id='word_1_49' title='bbox 1369 1402 1539 1474; x_wconf 83' lang='lat' dir='ltr'><strong>radicalea</strong></span> <span class='ocrx_word' id='word_1_50' title='bbox 1562 1403 1762 1494; x_wconf 77' lang='lat' dir='ltr'><strong>persequuti</strong></span> <span class='ocrx_word' id='word_1_51' title='bbox 1785 1410 1881 1489; x_wconf 90' lang='lat' dir='ltr'><strong>sunt,</strong></span> 
     </span>
     <span class='ocr_line' id='line_1_7' title="bbox 252 1533 1881 1636; baseline 0 -26"><span class='ocrx_word' id='word_1_52' title='bbox 252 1543 378 1636; x_wconf 90' lang='lat' dir='ltr'><strong>partim</strong></span> <span class='ocrx_word' id='word_1_53' title='bbox 394 1543 476 1632; x_wconf 86' lang='lat' dir='ltr'><strong>quia</strong></span> <span class='ocrx_word' id='word_1_54' title='bbox 488 1541 551 1611; x_wconf 86' lang='lat' dir='ltr'><strong>bas</strong></span> <span class='ocrx_word' id='word_1_55' title='bbox 564 1539 670 1610; x_wconf 84' lang='lat' dir='ltr'><strong>librae</strong></span> <span class='ocrx_word' id='word_1_56' title='bbox 685 1560 765 1609; x_wconf 91' lang='lat' dir='ltr'><strong>cum</strong></span> <span class='ocrx_word' id='word_1_57' title='bbox 782 1537 882 1608; x_wconf 79' lang='lat' dir='ltr'><strong>tibris</strong></span> <span class='ocrx_word' id='word_1_58' title='bbox 897 1533 1106 1633; x_wconf 79' lang='lat' dir='ltr'><strong>Ligamenti</strong></span> <span class='ocrx_word' id='word_1_59' title='bbox 1117 1533 1332 1609; x_wconf 80' lang='lat' dir='ltr'><strong>denticrtlati</strong></span> <span class='ocrx_word' id='word_1_60' title='bbox 1345 1561 1494 1628; x_wconf 90' lang='lat' dir='ltr'><strong>cumque</strong></span> <span class='ocrx_word' id='word_1_61' title='bbox 1508 1538 1685 1608; x_wconf 74' lang='lat' dir='ltr'><strong>radicibus</strong></span> <span class='ocrx_word' id='word_1_62' title='bbox 1701 1560 1881 1610; x_wconf 86' lang='lat' dir='ltr'><strong>nervorum</strong></span> 
     </span>
     <span class='ocr_line' id='line_1_8' title="bbox 253 1676 1883 1771; baseline -0.001 -19"><span class='ocrx_word' id='word_1_63' title='bbox 253 1682 473 1753; x_wconf 74' lang='lat' dir='ltr'><strong>cervicalium</strong></span> <span class='ocrx_word' id='word_1_64' title='bbox 495 1681 745 1767; x_wconf 74' lang='lat' dir='ltr'><strong>mniaderunt,</strong></span> <span class='ocrx_word' id='word_1_65' title='bbox 778 1679 927 1768; x_wconf 86' lang='lat' dir='ltr'><strong>deniqne</strong></span> <span class='ocrx_word' id='word_1_66' title='bbox 950 1681 1031 1767; x_wconf 88' lang='lat' dir='ltr'><strong>quia</strong></span> <span class='ocrx_word' id='word_1_67' title='bbox 1055 1680 1091 1746; x_wconf 92' lang='lat' dir='ltr'><strong>iu</strong></span> <span class='ocrx_word' id='word_1_68' title='bbox 1110 1687 1227 1747; x_wconf 87' lang='lat' dir='ltr'><strong>natura</strong></span> <span class='ocrx_word' id='word_1_69' title='bbox 1247 1677 1348 1771; x_wconf 84' lang='lat' dir='ltr'><strong>origo</strong></span> <span class='ocrx_word' id='word_1_70' title='bbox 1364 1676 1470 1770; x_wconf 83' lang='lat' dir='ltr'><strong>hujus</strong></span> <span class='ocrx_word' id='word_1_71' title='bbox 1487 1679 1582 1748; x_wconf 78' lang='lat' dir='ltr'><strong>nervi</strong></span> <span class='ocrx_word' id='word_1_72' title='bbox 1601 1678 1668 1748; x_wconf 88' lang='lat' dir='ltr'><strong>alia</strong></span> <span class='ocrx_word' id='word_1_73' title='bbox 1687 1678 1723 1748; x_wconf 92' lang='lat' dir='ltr'><strong>iu</strong></span> <span class='ocrx_word' id='word_1_74' title='bbox 1737 1677 1814 1748; x_wconf 86' lang='lat' dir='ltr'><strong>aliis</strong></span> <span class='ocrx_word' id='word_1_75' title='bbox 1833 1686 1883 1750; x_wconf 80' lang='lat' dir='ltr'><strong>eut</strong></span> 
     </span>
     <span class='ocr_line' id='line_1_9' title="bbox 253 1794 1881 1914; baseline -0.004 -23"><span class='ocrx_word' id='word_1_76' title='bbox 253 1819 477 1914; x_wconf 74' lang='lat' dir='ltr'><strong>corporibus,</strong></span> <span class='ocrx_word' id='word_1_77' title='bbox 491 1794 597 1908; x_wconf 60' lang='lat' dir='ltr'><strong>&#39;quod</strong></span> <span class='ocrx_word' id='word_1_78' title='bbox 613 1819 745 1911; x_wconf 79' lang='lat' dir='ltr'><strong>primus</strong></span> <span class='ocrx_word' id='word_1_79' title='bbox 761 1817 902 1888; x_wconf 77' lang='lat' dir='ltr'><strong>Sennea</strong></span> <span class='ocrx_word' id='word_1_80' title='bbox 915 1817 1086 1887; x_wconf 75' lang='lat' dir='ltr'><strong>intellexit</strong></span> <span class='ocrx_word' id='word_1_81' title='bbox 1102 1825 1136 1887; x_wconf 91' lang='lat' dir='ltr'><strong>et</strong></span> <span class='ocrx_word' id='word_1_82' title='bbox 1151 1817 1314 1904; x_wconf 87' lang='lat' dir='ltr'><strong>tradidit,</strong></span> <span class='ocrx_word' id='word_1_83' title='bbox 1334 1818 1547 1904; x_wconf 78' lang='lat' dir='ltr'><strong>factumest,</strong></span> <span class='ocrx_word' id='word_1_84' title='bbox 1563 1824 1602 1884; x_wconf 90' lang='lat' dir='ltr'><strong>ut</strong></span> <span class='ocrx_word' id='word_1_85' title='bbox 1615 1817 1795 1886; x_wconf 89' lang='lat' dir='ltr'><strong>anatomici</strong></span> <span class='ocrx_word' id='word_1_86' title='bbox 1810 1817 1881 1885; x_wconf 92' lang='lat' dir='ltr'><strong>ori-</strong></span> 
     </span>
     <span class='ocr_line' id='line_1_10' title="bbox 253 1954 1883 2054; baseline -0.002 -26"><span class='ocrx_word' id='word_1_87' title='bbox 253 1959 371 2054; x_wconf 76' lang='lat' dir='ltr'><strong>ginem</strong></span> <span class='ocrx_word' id='word_1_88' title='bbox 392 1956 508 2030; x_wconf 75' lang='lat' dir='ltr'><strong>Nervi</strong></span> <span class='ocrx_word' id='word_1_89' title='bbox 526 1956 740 2029; x_wconf 82' lang='lat' dir='ltr'><strong>Accessorii</strong></span> <span class='ocrx_word' id='word_1_90' title='bbox 764 1955 851 2026; x_wconf 82' lang='lat' dir='ltr'><strong>aliua</strong></span> <span class='ocrx_word' id='word_1_91' title='bbox 866 1955 971 2026; x_wconf 85' lang='lat' dir='ltr'><strong>aliam</strong></span> <span class='ocrx_word' id='word_1_92' title='bbox 990 1977 1065 2026; x_wconf 87' lang='lat' dir='ltr'><strong>esse</strong></span> <span class='ocrx_word' id='word_1_93' title='bbox 1083 1967 1257 2048; x_wconf 75' lang='lat' dir='ltr'><strong>ponerent.</strong></span> <span class='ocrx_word' id='word_1_94' title='bbox 1318 1955 1397 2026; x_wconf 83' lang='lat' dir='ltr'><strong>Boc</strong></span> <span class='ocrx_word' id='word_1_95' title='bbox 1420 1963 1533 2027; x_wconf 90' lang='lat' dir='ltr'><strong>autem</strong></span> <span class='ocrx_word' id='word_1_96' title='bbox 1560 1955 1595 2026; x_wconf 89' lang='lat' dir='ltr'><strong>in</strong></span> <span class='ocrx_word' id='word_1_97' title='bbox 1618 1954 1686 2026; x_wconf 86' lang='lat' dir='ltr'><strong>bac</strong></span> <span class='ocrx_word' id='word_1_98' title='bbox 1711 1956 1883 2048; x_wconf 87' lang='lat' dir='ltr'><strong>reprobe</strong></span> 
     </span>
     <span class='ocr_line' id='line_1_11' title="bbox 254 2084 1882 2198; baseline -0.001 -32"><span class='ocrx_word' id='word_1_99' title='bbox 254 2084 495 2190; x_wconf 81' lang='lat' dir='ltr'><strong>distinguenda</strong></span> <span class='ocrx_word' id='word_1_100' title='bbox 510 2105 604 2183; x_wconf 89' lang='lat' dir='ltr'><strong>eunt,</strong></span> <span class='ocrx_word' id='word_1_101' title='bbox 619 2109 764 2185; x_wconf 86' lang='lat' dir='ltr'><strong>quorum</strong></span> <span class='ocrx_word' id='word_1_102' title='bbox 778 2093 958 2185; x_wconf 79' lang='lat' dir='ltr'><strong>bucusque</strong></span> <span class='ocrx_word' id='word_1_103' title='bbox 975 2093 1062 2164; x_wconf 88' lang='lat' dir='ltr'><strong>ratio</strong></span> <span class='ocrx_word' id='word_1_104' title='bbox 1081 2093 1197 2164; x_wconf 82' lang='lat' dir='ltr'><strong>minue</strong></span> <span class='ocrx_word' id='word_1_105' title='bbox 1208 2104 1259 2165; x_wconf 85' lang='lat' dir='ltr'><strong>est</strong></span> <span class='ocrx_word' id='word_1_106' title='bbox 1274 2092 1413 2178; x_wconf 89' lang='lat' dir='ltr'><strong>babita;</strong></span> <span class='ocrx_word' id='word_1_107' title='bbox 1436 2102 1515 2164; x_wconf 87' lang='lat' dir='ltr'><strong>snut</strong></span> <span class='ocrx_word' id='word_1_108' title='bbox 1524 2093 1766 2198; x_wconf 25' lang='lat' dir='ltr'><strong>autem-eadem</strong></span> <span class='ocrx_word' id='word_1_109' title='bbox 1774 2093 1882 2165; x_wconf 89' lang='lat' dir='ltr'><strong>bodie</strong></span> 
     </span>
     <span class='ocr_line' id='line_1_12' title="bbox 252 2232 1881 2329; baseline -0.004 -23"><span class='ocrx_word' id='word_1_110' title='bbox 252 2247 331 2306; x_wconf 88' lang='lat' dir='ltr'><strong>cu&#39;m</strong></span> <span class='ocrx_word' id='word_1_111' title='bbox 353 2237 519 2306; x_wconf 77' lang='lat' dir='ltr'><strong>anatomia</strong></span> <span class='ocrx_word' id='word_1_112' title='bbox 543 2246 579 2305; x_wconf 88' lang='lat' dir='ltr'><strong>et</strong></span> <span class='ocrx_word' id='word_1_113' title='bbox 597 2235 820 2329; x_wconf 76' lang='lat' dir='ltr'><strong>physiologia</strong></span> <span class='ocrx_word' id='word_1_114' title='bbox 846 2237 954 2305; x_wconf 92' lang='lat' dir='ltr'><strong>multo</strong></span> <span class='ocrx_word' id='word_1_115' title='bbox 977 2235 1088 2329; x_wconf 76' lang='lat' dir='ltr'><strong>magis</strong></span> <span class='ocrx_word' id='word_1_116' title='bbox 1107 2233 1217 2322; x_wconf 83' lang='lat' dir='ltr'><strong>&#39;quam</strong></span> <span class='ocrx_word' id='word_1_117' title='bbox 1234 2240 1335 2302; x_wconf 88' lang='lat' dir='ltr'><strong>antea</strong></span> <span class='ocrx_word' id='word_1_118' title='bbox 1359 2233 1514 2303; x_wconf 81' lang='lat' dir='ltr'><strong>excultae</strong></span> <span class='ocrx_word' id='word_1_119' title='bbox 1536 2233 1624 2320; x_wconf 92' lang='lat' dir='ltr'><strong>sint,</strong></span> <span class='ocrx_word' id='word_1_120' title='bbox 1647 2232 1786 2302; x_wconf 83' lang='lat' dir='ltr'><strong>maximi</strong></span> <span class='ocrx_word' id='word_1_121' title='bbox 1805 2253 1881 2301; x_wconf 88' lang='lat' dir='ltr'><strong>mc-</strong></span> 
     </span>
     <span class='ocr_line' id='line_1_13' title="bbox 252 2353 1883 2467; baseline -0.004 -20"><span class='ocrx_word' id='word_1_122' title='bbox 252 2377 366 2448; x_wconf 83' lang='lat' dir='ltr'><strong>menti.</strong></span> <span class='ocrx_word' id='word_1_123' title='bbox 390 2415 437 2428; x_wconf 89' lang='lat'><em>-</em></span> <span class='ocrx_word' id='word_1_124' title='bbox 488 2376 662 2467; x_wconf 83' lang='lat' dir='ltr'><strong>Imprimis</strong></span> <span class='ocrx_word' id='word_1_125' title='bbox 677 2397 760 2445; x_wconf 88' lang='lat' dir='ltr'><strong>vero</strong></span> <span class='ocrx_word' id='word_1_126' title='bbox 779 2353 922 2446; x_wconf 84' lang='lat' dir='ltr'><strong>alterurn</strong></span> <span class='ocrx_word' id='word_1_127' title='bbox 944 2397 1061 2443; x_wconf 88' lang='lat' dir='ltr'><strong>eorum</strong></span> <span class='ocrx_word' id='word_1_128' title='bbox 1079 2369 1223 2464; x_wconf 78' lang='lat' dir='ltr'><strong>dignum</strong></span> <span class='ocrx_word' id='word_1_129' title='bbox 1245 2381 1296 2440; x_wconf 85' lang='lat' dir='ltr'><strong>est</strong></span> <span class='ocrx_word' id='word_1_130' title='bbox 1317 2369 1363 2439; x_wconf 91' lang='lat' dir='ltr'><strong>ad</strong></span> <span class='ocrx_word' id='word_1_131' title='bbox 1382 2369 1717 2460; x_wconf 82' lang='lat' dir='ltr'><strong>quodattendamus</strong></span> <span class='ocrx_word' id='word_1_132' title='bbox 1764 2369 1883 2456; x_wconf 75' lang='lat' dir='ltr'><strong>Quae·</strong></span> 
     </span>
     <span class='ocr_line' id='line_1_14' title="bbox 252 2507 1883 2605; baseline -0.006 -21"><span class='ocrx_word' id='word_1_133' title='bbox 252 2517 339 2586; x_wconf 77' lang='lat' dir='ltr'><strong>riter</strong></span> <span class='ocrx_word' id='word_1_134' title='bbox 365 2517 456 2584; x_wconf 91' lang='lat' dir='ltr'><strong>enim</strong></span> <span class='ocrx_word' id='word_1_135' title='bbox 473 2536 546 2605; x_wconf 15' lang='lat' dir='ltr'><strong>&#39;non</strong></span> <span class='ocrx_word' id='word_1_136' title='bbox 569 2509 673 2583; x_wconf 84' lang='lat' dir='ltr'><strong>modo</strong></span> <span class='ocrx_word' id='word_1_137' title='bbox 696 2537 716 2580; x_wconf 89' lang='lat' dir='ltr'><strong>a</strong></span> <span class='ocrx_word' id='word_1_138' title='bbox 740 2533 809 2601; x_wconf 89' lang='lat' dir='ltr'><strong>qua</strong></span> <span class='ocrx_word' id='word_1_139' title='bbox 832 2513 1015 2582; x_wconf 85' lang='lat' dir='ltr'><strong>altitudine</strong></span> <span class='ocrx_word' id='word_1_140' title='bbox 1040 2507 1212 2580; x_wconf 84' lang='lat' dir='ltr'><strong>medullae</strong></span> <span class='ocrx_word' id='word_1_141' title='bbox 1231 2507 1374 2601; x_wconf 85' lang='lat' dir='ltr'><strong>spinalis</strong></span> <span class='ocrx_word' id='word_1_142' title='bbox 1399 2517 1434 2578; x_wconf 85' lang='lat' dir='ltr'><strong>et</strong></span> <span class='ocrx_word' id='word_1_143' title='bbox 1456 2507 1666 2603; x_wconf 76' lang='lat' dir='ltr'><strong>oblongatae</strong></span> <span class='ocrx_word' id='word_1_144' title='bbox 1691 2516 1750 2577; x_wconf 88' lang='lat' dir='ltr'><strong>aut</strong></span> <span class='ocrx_word' id='word_1_145' title='bbox 1773 2528 1794 2576; x_wconf 91' lang='lat' dir='ltr'><strong>a</strong></span> <span class='ocrx_word' id='word_1_146' title='bbox 1814 2531 1883 2598; x_wconf 85' lang='lat' dir='ltr'><strong>quo</strong></span> 
     </span>
     <span class='ocr_line' id='line_1_15' title="bbox 255 2644 1884 2744; baseline -0.004 -22"><span class='ocrx_word' id='word_1_147' title='bbox 255 2661 365 2725; x_wconf 72' lang='lat' dir='ltr'><strong>neres</strong></span> <span class='ocrx_word' id='word_1_148' title='bbox 379 2651 543 2723; x_wconf 86' lang='lat' dir='ltr'><strong>cervicali</strong></span> <span class='ocrx_word' id='word_1_149' title='bbox 559 2649 702 2724; x_wconf 80' lang='lat' dir='ltr'><strong>Nervus</strong></span> <span class='ocrx_word' id='word_1_150' title='bbox 719 2647 958 2724; x_wconf 81' lang='lat' dir='ltr'><strong>Acccssorius</strong></span> <span class='ocrx_word' id='word_1_151' title='bbox 976 2651 1148 2744; x_wconf 75' lang='lat' dir='ltr'><strong>originem</strong></span> <span class='ocrx_word' id='word_1_152' title='bbox 1167 2645 1292 2731; x_wconf 83' lang='lat' dir='ltr'><strong>ducat,</strong></span> <span class='ocrx_word' id='word_1_153' title='bbox 1329 2644 1392 2714; x_wconf 89' lang='lat' dir='ltr'><strong>red</strong></span> <span class='ocrx_word' id='word_1_154' title='bbox 1416 2645 1518 2715; x_wconf 91' lang='lat' dir='ltr'><strong>etiam</strong></span> <span class='ocrx_word' id='word_1_155' title='bbox 1546 2667 1588 2715; x_wconf 88' lang='lat' dir='ltr'><strong>ex</strong></span> <span class='ocrx_word' id='word_1_156' title='bbox 1614 2669 1683 2737; x_wconf 89' lang='lat' dir='ltr'><strong>qna</strong></span> <span class='ocrx_word' id='word_1_157' title='bbox 1711 2645 1884 2741; x_wconf 78' lang='lat' dir='ltr'><strong>medullae</strong></span> 
     </span>
     <span class='ocr_line' id='line_1_16' title="bbox 252 2753 1882 2883; baseline -0.002 -25"><span class='ocrx_word' id='word_1_158' title='bbox 252 2753 394 2883; x_wconf 80' lang='lat' dir='ltr'><strong>spinalis</strong></span> <span class='ocrx_word' id='word_1_159' title='bbox 411 2801 510 2882; x_wconf 91' lang='lat' dir='ltr'><strong>parte</strong></span> <span class='ocrx_word' id='word_1_160' title='bbox 526 2789 588 2860; x_wconf 89' lang='lat' dir='ltr'><strong>ille</strong></span> <span class='ocrx_word' id='word_1_161' title='bbox 600 2787 750 2877; x_wconf 80' lang='lat' dir='ltr'><strong>otiatur,</strong></span> <span class='ocrx_word' id='word_1_162' title='bbox 783 2811 862 2860; x_wconf 90' lang='lat' dir='ltr'><strong>num</strong></span> <span class='ocrx_word' id='word_1_163' title='bbox 879 2809 922 2859; x_wconf 82' lang='lat' dir='ltr'><strong>ex</strong></span> <span class='ocrx_word' id='word_1_164' title='bbox 934 2773 1164 2859; x_wconf 83' lang='lat' dir='ltr'><strong>anterioribus</strong></span> <span class='ocrx_word' id='word_1_165' title='bbox 1182 2808 1225 2855; x_wconf 91' lang='lat' dir='ltr'><strong>an</strong></span> <span class='ocrx_word' id='word_1_166' title='bbox 1242 2785 1491 2878; x_wconf 84' lang='lat' dir='ltr'><strong>posterioribus</strong></span> <span class='ocrx_word' id='word_1_167' title='bbox 1516 2809 1558 2859; x_wconf 84' lang='lat' dir='ltr'><strong>an</strong></span> <span class='ocrx_word' id='word_1_168' title='bbox 1577 2783 1774 2856; x_wconf 87' lang='lat' dir='ltr'><strong>lateralibus</strong></span> <span class='ocrx_word' id='word_1_169' title='bbox 1793 2784 1882 2856; x_wconf 82' lang='lat' dir='ltr'><strong>funi·</strong></span> 
     </span>
     <span class='ocr_line' id='line_1_17' title="bbox 253 2931 694 3024; baseline 0 -24"><span class='ocrx_word' id='word_1_170' title='bbox 253 2931 340 3001; x_wconf 88' lang='lat' dir='ltr'><strong>culis</strong></span> <span class='ocrx_word' id='word_1_171' title='bbox 358 2931 494 3000; x_wconf 79' lang='lat' dir='ltr'><strong>radices</strong></span> <span class='ocrx_word' id='word_1_172' title='bbox 509 2949 587 3000; x_wconf 86' lang='lat' dir='ltr'><strong>suae</strong></span> <span class='ocrx_word' id='word_1_173' title='bbox 605 2937 694 3024; x_wconf 80' lang='lat' dir='ltr'><strong>agat</strong></span> 
     </span>
    </p>

    <p class='ocr_par' dir='ltr' id='par_1_2' title="bbox 253 3035 1883 3437">
     <span class='ocr_line' id='line_1_18' title="bbox 350 3035 1882 3160; baseline -0.001 -22"><span class='ocrx_word' id='word_1_174' title='bbox 350 3067 454 3154; x_wconf 78' lang='lat' dir='ltr'><strong>Quod</strong></span> <span class='ocrx_word' id='word_1_175' title='bbox 472 3067 683 3138; x_wconf 81' lang='lat' dir='ltr'><strong>adulterum</strong></span> <span class='ocrx_word' id='word_1_176' title='bbox 703 3066 874 3160; x_wconf 88' lang='lat' dir='ltr'><strong>pertinet,</strong></span> <span class='ocrx_word' id='word_1_177' title='bbox 907 3035 998 3136; x_wconf 74' lang='lat' dir='ltr'><strong>teuta</strong></span> <span class='ocrx_word' id='word_1_178' title='bbox 1019 3073 1071 3136; x_wconf 88' lang='lat' dir='ltr'><strong>est</strong></span> <span class='ocrx_word' id='word_1_179' title='bbox 1090 3067 1290 3160; x_wconf 86' lang='lat' dir='ltr'><strong>opinionum</strong></span> <span class='ocrx_word' id='word_1_180' title='bbox 1311 3067 1563 3158; x_wconf 84' lang='lat' dir='ltr'><strong>discrepantia,</strong></span> <span class='ocrx_word' id='word_1_181' title='bbox 1586 3075 1625 3138; x_wconf 87' lang='lat' dir='ltr'><strong>ut</strong></span> <span class='ocrx_word' id='word_1_182' title='bbox 1644 3067 1789 3157; x_wconf 85' lang='lat' dir='ltr'><strong>quisque</strong></span> <span class='ocrx_word' id='word_1_183' title='bbox 1807 3065 1882 3137; x_wconf 84' lang='lat' dir='ltr'><strong>iere</strong></span> 
     </span>
     <span class='ocr_line' id='line_1_19' title="bbox 253 3203 1881 3300; baseline -0.001 -24"><span class='ocrx_word' id='word_1_184' title='bbox 253 3206 460 3300; x_wconf 78' lang='lat' dir='ltr'><strong>scriptorum</strong></span> <span class='ocrx_word' id='word_1_185' title='bbox 478 3207 583 3276; x_wconf 87' lang='lat' dir='ltr'><strong>alium</strong></span> <span class='ocrx_word' id='word_1_186' title='bbox 602 3207 717 3278; x_wconf 89' lang='lat' dir='ltr'><strong>locum</strong></span> <span class='ocrx_word' id='word_1_187' title='bbox 734 3216 858 3300; x_wconf 89' lang='lat' dir='ltr'><strong>ponat,</strong></span> <span class='ocrx_word' id='word_1_188' title='bbox 883 3205 976 3276; x_wconf 92' lang='lat' dir='ltr'><strong>unde</strong></span> <span class='ocrx_word' id='word_1_189' title='bbox 993 3205 1233 3277; x_wconf 76' lang='lat' dir='ltr'><strong>Accessortus</strong></span> <span class='ocrx_word' id='word_1_190' title='bbox 1251 3205 1398 3291; x_wconf 87' lang='lat' dir='ltr'><strong>oriatur,</strong></span> <span class='ocrx_word' id='word_1_191' title='bbox 1424 3213 1459 3274; x_wconf 87' lang='lat' dir='ltr'><strong>et</strong></span> <span class='ocrx_word' id='word_1_192' title='bbox 1473 3225 1492 3274; x_wconf 88' lang='lat' dir='ltr'><strong>a</strong></span> <span class='ocrx_word' id='word_1_193' title='bbox 1506 3203 1619 3297; x_wconf 86' lang='lat' dir='ltr'><strong>prima</strong></span> <span class='ocrx_word' id='word_1_194' title='bbox 1634 3203 1788 3274; x_wconf 85' lang='lat' dir='ltr'><strong>thoracis</strong></span> <span class='ocrx_word' id='word_1_195' title='bbox 1803 3227 1881 3276; x_wconf 89' lang='lat' dir='ltr'><strong>ver·</strong></span> 
     </span>
     <span class='ocr_line' id='line_1_20' title="bbox 253 3343 1883 3437; baseline 0 -25"><span class='ocrx_word' id='word_1_196' title='bbox 253 3343 351 3412; x_wconf 90' lang='lat' dir='ltr'><strong>tebra</strong></span> <span class='ocrx_word' id='word_1_197' title='bbox 372 3365 482 3433; x_wconf 86' lang='lat' dir='ltr'><strong>usque</strong></span> <span class='ocrx_word' id='word_1_198' title='bbox 502 3345 546 3413; x_wconf 90' lang='lat' dir='ltr'><strong>ad</strong></span> <span class='ocrx_word' id='word_1_199' title='bbox 564 3345 711 3437; x_wconf 89' lang='lat' dir='ltr'><strong>primam</strong></span> <span class='ocrx_word' id='word_1_200' title='bbox 727 3346 810 3415; x_wconf 93' lang='lat' dir='ltr'><strong>colli</strong></span> <span class='ocrx_word' id='word_1_201' title='bbox 825 3344 1019 3414; x_wconf 85' lang='lat' dir='ltr'><strong>vertebram</strong></span> <span class='ocrx_word' id='word_1_202' title='bbox 1044 3343 1175 3412; x_wconf 90' lang='lat' dir='ltr'><strong>nullum</strong></span> <span class='ocrx_word' id='word_1_203' title='bbox 1198 3343 1243 3412; x_wconf 90' lang='lat' dir='ltr'><strong>sit</strong></span> <span class='ocrx_word' id='word_1_204' title='bbox 1266 3363 1448 3412; x_wconf 89' lang='lat' dir='ltr'><strong>nervorum</strong></span> <span class='ocrx_word' id='word_1_205' title='bbox 1471 3365 1553 3435; x_wconf 91' lang='lat' dir='ltr'><strong>par,</strong></span> <span class='ocrx_word' id='word_1_206' title='bbox 1585 3345 1622 3412; x_wconf 92' lang='lat' dir='ltr'><strong>in</strong></span> <span class='ocrx_word' id='word_1_207' title='bbox 1648 3365 1718 3433; x_wconf 91' lang='lat' dir='ltr'><strong>quo</strong></span> <span class='ocrx_word' id='word_1_208' title='bbox 1747 3365 1815 3412; x_wconf 92' lang='lat' dir='ltr'><strong>non</strong></span> <span class='ocrx_word' id='word_1_209' title='bbox 1839 3343 1883 3413; x_wconf 84' lang='lat' dir='ltr'><strong>sit</strong></span> 
     </span>
    </p>
   </div>
   <div class='ocr_carea' id='block_1_2' title="bbox 253 3480 1945 3732">
    <p class='ocr_par' dir='ltr' id='par_1_3' title="bbox 253 3480 1945 3732">
     <span class='ocr_line' id='line_1_21' title="bbox 253 3480 1945 3576; baseline 0.001 -24"><span class='ocrx_word' id='word_1_210' title='bbox 253 3483 389 3554; x_wconf 90' lang='lat' dir='ltr'><strong>initium</strong></span> <span class='ocrx_word' id='word_1_211' title='bbox 412 3485 506 3552; x_wconf 89' lang='lat' dir='ltr'><strong>nervi</strong></span> <span class='ocrx_word' id='word_1_212' title='bbox 526 3482 738 3553; x_wconf 85' lang='lat' dir='ltr'><strong>Accessorii</strong></span> <span class='ocrx_word' id='word_1_213' title='bbox 756 3483 970 3552; x_wconf 84' lang='lat' dir='ltr'><strong>collocatum.</strong></span> <span class='ocrx_word' id='word_1_214' title='bbox 1032 3480 1196 3557; x_wconf 73' lang='lat' dir='ltr'><strong>comune</strong></span> <span class='ocrx_word' id='word_1_215' title='bbox 1219 3481 1363 3552; x_wconf 90' lang='lat' dir='ltr'><strong>adaucta</strong></span> <span class='ocrx_word' id='word_1_216' title='bbox 1383 3491 1433 3552; x_wconf 88' lang='lat' dir='ltr'><strong>est</strong></span> <span class='ocrx_word' id='word_1_217' title='bbox 1456 3482 1615 3553; x_wconf 88' lang='lat' dir='ltr'><strong>diuturna</strong></span> <span class='ocrx_word' id='word_1_218' title='bbox 1635 3483 1882 3576; x_wconf 83' lang='lat' dir='ltr'><strong>disceptatione</strong></span> <span class='ocrx_word' id='word_1_219' title='bbox 1936 3543 1945 3563; x_wconf 85' lang='lat'>‚</span> 
     </span>
     <span class='ocr_line' id='line_1_22' title="bbox 254 3603 1883 3732; baseline -0.002 -40"><span class='ocrx_word' id='word_1_220' title='bbox 254 3621 301 3692; x_wconf 87' lang='lat' dir='ltr'><strong>de</strong></span> <span class='ocrx_word' id='word_1_221' title='bbox 316 3603 429 3713; x_wconf 87' lang='lat' dir='ltr'><strong>primo</strong></span> <span class='ocrx_word' id='word_1_222' title='bbox 449 3623 523 3712; x_wconf 90' lang='lat' dir='ltr'><strong>pari</strong></span> <span class='ocrx_word' id='word_1_223' title='bbox 545 3642 726 3691; x_wconf 88' lang='lat' dir='ltr'><strong>nervorum</strong></span> <span class='ocrx_word' id='word_1_224' title='bbox 747 3618 987 3708; x_wconf 69' lang='lat' dir='ltr'><strong>cervicalium,</strong></span> <span class='ocrx_word' id='word_1_225' title='bbox 1006 3619 1108 3708; x_wconf 78' lang='lat' dir='ltr'><strong>-qnod</strong></span> <span class='ocrx_word' id='word_1_226' title='bbox 1129 3619 1248 3732; x_wconf 74' lang='lat' dir='ltr'><strong>multi,</strong></span> <span class='ocrx_word' id='word_1_227' title='bbox 1273 3640 1352 3689; x_wconf 91' lang='lat' dir='ltr'><strong>cum</strong></span> <span class='ocrx_word' id='word_1_228' title='bbox 1372 3620 1561 3692; x_wconf 88' lang='lat' dir='ltr'><strong>secundnm</strong></span> <span class='ocrx_word' id='word_1_229' title='bbox 1581 3621 1802 3731; x_wconf 63' lang='lat' dir='ltr'><strong>ceppicalium</strong></span> <span class='ocrx_word' id='word_1_230' title='bbox 1818 3643 1883 3714; x_wconf 86' lang='lat' dir='ltr'><strong>par</strong></span> 
     </span>
    </p>
   </div>
   <div class='ocr_carea' id='block_1_3' title="bbox 254 3759 1884 3856">
    <p class='ocr_par' dir='ltr' id='par_1_4' title="bbox 254 3759 1884 3856">
     <span class='ocr_line' id='line_1_23' title="bbox 254 3759 1884 3856; baseline 0.002 -29"><span class='ocrx_word' id='word_1_231' title='bbox 254 3781 319 3849; x_wconf 93' lang='lat' dir='ltr'><strong>pro</strong></span> <span class='ocrx_word' id='word_1_232' title='bbox 345 3760 458 3849; x_wconf 85' lang='lat' dir='ltr'><strong>primo</strong></span> <span class='ocrx_word' id='word_1_233' title='bbox 479 3759 672 3846; x_wconf 80' lang='lat' dir='ltr'><strong>baberent,</strong></span> <span class='ocrx_word' id='word_1_234' title='bbox 709 3770 849 3828; x_wconf 87' lang='lat' dir='ltr'><strong>auctore</strong></span> <span class='ocrx_word' id='word_1_235' title='bbox 869 3760 1035 3828; x_wconf 82' lang='lat' dir='ltr'><strong>Wrnursro</strong></span> <span class='ocrx_word' id='word_1_236' title='bbox 1066 3761 1239 3830; x_wconf 89' lang='lat' dir='ltr'><strong>decimum</strong></span> <span class='ocrx_word' id='word_1_237' title='bbox 1265 3775 1529 3856; x_wconf 87' lang='lat' dir='ltr'><strong>pnr&#39;nervorum</strong></span> <span class='ocrx_word' id='word_1_238' title='bbox 1552 3761 1779 3832; x_wconf 84' lang='lat' dir='ltr'><strong>cerebralium</strong></span> <span class='ocrx_word' id='word_1_239' title='bbox 1807 3783 1884 3831; x_wconf 87' lang='lat' dir='ltr'><strong>esse</strong></span> 
     </span>
    </p>
   </div>
   <div class='ocr_carea' id='block_1_4' title="bbox 253 3897 1884 4964">
    <p class='ocr_par' dir='ltr' id='par_1_5' title="bbox 253 3897 1884 4964">
     <span class='ocr_line' id='line_1_24' title="bbox 255 3897 1884 3991; baseline 0.001 -25"><span class='ocrx_word' id='word_1_240' title='bbox 255 3897 498 3968; x_wconf 85' lang='lat' dir='ltr'><strong>existimarunt.</strong></span> <span class='ocrx_word' id='word_1_241' title='bbox 554 3899 717 3990; x_wconf 74' lang='lat' dir='ltr'><strong>Longum</strong></span> <span class='ocrx_word' id='word_1_242' title='bbox 739 3907 792 3967; x_wconf 88' lang='lat' dir='ltr'><strong>est</strong></span> <span class='ocrx_word' id='word_1_243' title='bbox 816 3919 932 3968; x_wconf 90' lang='lat' dir='ltr'><strong>omnes</strong></span> <span class='ocrx_word' id='word_1_244' title='bbox 952 3909 1128 3968; x_wconf 88' lang='lat' dir='ltr'><strong>anatomos</strong></span> <span class='ocrx_word' id='word_1_245' title='bbox 1150 3920 1335 3986; x_wconf 88' lang='lat' dir='ltr'><strong>eorumque</strong></span> <span class='ocrx_word' id='word_1_246' title='bbox 1354 3897 1532 3991; x_wconf 82' lang='lat' dir='ltr'><strong>opiniones</strong></span> <span class='ocrx_word' id='word_1_247' title='bbox 1553 3919 1751 3985; x_wconf 81' lang='lat' dir='ltr'><strong>recensere,</strong></span> <span class='ocrx_word' id='word_1_248' title='bbox 1781 3909 1884 3989; x_wconf 88' lang='lat' dir='ltr'><strong>atque</strong></span> 
     </span>
     <span class='ocr_line' id='line_1_25' title="bbox 255 4021 1883 4146; baseline 0.001 -40"><span class='ocrx_word' id='word_1_249' title='bbox 255 4037 386 4124; x_wconf 87' lang='lat' dir='ltr'><strong>omnia,</strong></span> <span class='ocrx_word' id='word_1_250' title='bbox 419 4061 505 4127; x_wconf 85' lang='lat' dir='ltr'><strong>quae</strong></span> <span class='ocrx_word' id='word_1_251' title='bbox 523 4038 593 4108; x_wconf 90' lang='lat' dir='ltr'><strong>buc</strong></span> <span class='ocrx_word' id='word_1_252' title='bbox 610 4040 782 4132; x_wconf 88' lang='lat' dir='ltr'><strong>pertinent</strong></span> <span class='ocrx_word' id='word_1_253' title='bbox 802 4038 877 4131; x_wconf 87' lang='lat' dir='ltr'><strong>jam</strong></span> <span class='ocrx_word' id='word_1_254' title='bbox 899 4041 933 4108; x_wconf 94' lang='lat' dir='ltr'><strong>in</strong></span> <span class='ocrx_word' id='word_1_255' title='bbox 953 4040 1139 4109; x_wconf 74' lang='lat' dir='ltr'><strong>lonensem</strong></span> <span class='ocrx_word' id='word_1_256' title='bbox 1160 4021 1196 4106; x_wconf 83' lang='lat' dir='ltr'><strong>et</strong></span> <span class='ocrx_word' id='word_1_257' title='bbox 1212 4035 1377 4104; x_wconf 78' lang='lat' dir='ltr'><strong>Scenene</strong></span> <span class='ocrx_word' id='word_1_258' title='bbox 1398 4035 1695 4146; x_wconf 78' lang='lat' dir='ltr'><strong>dissertationibus</strong></span> <span class='ocrx_word' id='word_1_259' title='bbox 1714 4037 1883 4130; x_wconf 84' lang='lat' dir='ltr'><strong>explicata</strong></span> 
     </span>
     <span class='ocr_line' id='line_1_26' title="bbox 254 4163 1882 4282; baseline 0 -34"><span class='ocrx_word' id='word_1_260' title='bbox 254 4189 337 4248; x_wconf 80' lang='lat' dir='ltr'><strong>sunt.</strong></span> <span class='ocrx_word' id='word_1_261' title='bbox 386 4177 477 4246; x_wconf 84' lang='lat' dir='ltr'><strong>Dein</strong></span> <span class='ocrx_word' id='word_1_262' title='bbox 498 4187 677 4269; x_wconf 88' lang='lat' dir='ltr'><strong>postquam</strong></span> <span class='ocrx_word' id='word_1_263' title='bbox 695 4179 836 4249; x_wconf 79' lang='lat' dir='ltr'><strong>Sennea</strong></span> <span class='ocrx_word' id='word_1_264' title='bbox 858 4167 895 4270; x_wconf 84' lang='lat'><strong>⁶)</strong></span> <span class='ocrx_word' id='word_1_265' title='bbox 918 4179 954 4249; x_wconf 91' lang='lat' dir='ltr'><strong>iu</strong></span> <span class='ocrx_word' id='word_1_266' title='bbox 972 4177 1060 4248; x_wconf 86' lang='lat' dir='ltr'><strong>hauc</strong></span> <span class='ocrx_word' id='word_1_267' title='bbox 1080 4198 1152 4244; x_wconf 89' lang='lat' dir='ltr'><strong>rem</strong></span> <span class='ocrx_word' id='word_1_268' title='bbox 1173 4174 1368 4282; x_wconf 81' lang='lat' dir='ltr'><strong>inquisivit,</strong></span> <span class='ocrx_word' id='word_1_269' title='bbox 1394 4163 1603 4244; x_wconf 75' lang='lat' dir='ltr'><strong>intellectum</strong></span> <span class='ocrx_word' id='word_1_270' title='bbox 1624 4185 1693 4264; x_wconf 67' lang='lat' dir='ltr'><strong>em,</strong></span> <span class='ocrx_word' id='word_1_271' title='bbox 1717 4177 1882 4248; x_wconf 84' lang='lat' dir='ltr'><strong>diversis·</strong></span> 
     </span>
     <span class='ocr_line' id='line_1_27' title="bbox 254 4297 1881 4406; baseline 0.002 -24"><span class='ocrx_word' id='word_1_272' title='bbox 254 4315 349 4384; x_wconf 85' lang='lat' dir='ltr'><strong>simis</strong></span> <span class='ocrx_word' id='word_1_273' title='bbox 369 4315 455 4384; x_wconf 93' lang='lat' dir='ltr'><strong>locis</strong></span> <span class='ocrx_word' id='word_1_274' title='bbox 476 4297 617 4384; x_wconf 75' lang='lat' dir='ltr'><strong>nervum</strong></span> <span class='ocrx_word' id='word_1_275' title='bbox 633 4314 888 4388; x_wconf 84' lang='lat' dir='ltr'><strong>Accessorr&#39;um</strong></span> <span class='ocrx_word' id='word_1_276' title='bbox 905 4317 1000 4388; x_wconf 87' lang='lat' dir='ltr'><strong>oriri.</strong></span> <span class='ocrx_word' id='word_1_277' title='bbox 1058 4313 1196 4386; x_wconf 86' lang='lat' dir='ltr'><strong>Etenim</strong></span> <span class='ocrx_word' id='word_1_278' title='bbox 1221 4313 1332 4384; x_wconf 86' lang='lat' dir='ltr'><strong>oritur</strong></span> <span class='ocrx_word' id='word_1_279' title='bbox 1357 4313 1417 4386; x_wconf 87' lang='lat' dir='ltr'><strong>ille</strong></span> <span class='ocrx_word' id='word_1_280' title='bbox 1446 4315 1551 4405; x_wconf 86' lang='lat' dir='ltr'><strong>paulo</strong></span> <span class='ocrx_word' id='word_1_281' title='bbox 1577 4335 1680 4406; x_wconf 75' lang='lat' dir='ltr'><strong>supra</strong></span> <span class='ocrx_word' id='word_1_282' title='bbox 1705 4323 1881 4405; x_wconf 85' lang='lat' dir='ltr'><strong>quartum,</strong></span> 
     </span>
     <span class='ocr_line' id='line_1_28' title="bbox 254 4453 1883 4548; baseline 0.002 -26"><span class='ocrx_word' id='word_1_283' title='bbox 254 4453 428 4543; x_wconf 90' lang='lat' dir='ltr'><strong>quintam,</strong></span> <span class='ocrx_word' id='word_1_284' title='bbox 453 4461 585 4522; x_wconf 85' lang='lat' dir='ltr'><strong>sextum</strong></span> <span class='ocrx_word' id='word_1_285' title='bbox 612 4461 646 4520; x_wconf 89' lang='lat' dir='ltr'><strong>et</strong></span> <span class='ocrx_word' id='word_1_286' title='bbox 664 4475 746 4522; x_wconf 89' lang='lat' dir='ltr'><strong>vero</strong></span> <span class='ocrx_word' id='word_1_287' title='bbox 765 4457 867 4523; x_wconf 88' lang='lat' dir='ltr'><strong>etiam</strong></span> <span class='ocrx_word' id='word_1_288' title='bbox 885 4459 1067 4547; x_wconf 82' lang='lat' dir='ltr'><strong>septimum</strong></span> <span class='ocrx_word' id='word_1_289' title='bbox 1089 4475 1269 4526; x_wconf 76' lang='lat' dir='ltr'><strong>nemorum</strong></span> <span class='ocrx_word' id='word_1_290' title='bbox 1289 4453 1508 4524; x_wconf 81' lang='lat' dir='ltr'><strong>cervicalium</strong></span> <span class='ocrx_word' id='word_1_291' title='bbox 1530 4475 1613 4548; x_wconf 86' lang='lat' dir='ltr'><strong>par,</strong></span> <span class='ocrx_word' id='word_1_292' title='bbox 1639 4465 1742 4545; x_wconf 89' lang='lat' dir='ltr'><strong>atque</strong></span> <span class='ocrx_word' id='word_1_293' title='bbox 1759 4475 1883 4526; x_wconf 83' lang='lat' dir='ltr'><strong>secun·</strong></span> 
     </span>
     <span class='ocr_line' id='line_1_29' title="bbox 255 4589 1883 4690; baseline 0.004 -32"><span class='ocrx_word' id='word_1_294' title='bbox 255 4589 338 4659; x_wconf 90' lang='lat' dir='ltr'><strong>dum</strong></span> <span class='ocrx_word' id='word_1_295' title='bbox 361 4611 418 4676; x_wconf 89' lang='lat' dir='ltr'><strong>ea,</strong></span> <span class='ocrx_word' id='word_1_296' title='bbox 453 4611 540 4679; x_wconf 89' lang='lat' dir='ltr'><strong>qnae</strong></span> <span class='ocrx_word' id='word_1_297' title='bbox 567 4591 668 4659; x_wconf 87' lang='lat' dir='ltr'><strong>etiam</strong></span> <span class='ocrx_word' id='word_1_298' title='bbox 694 4589 729 4659; x_wconf 93' lang='lat' dir='ltr'><strong>in</strong></span> <span class='ocrx_word' id='word_1_299' title='bbox 750 4595 980 4662; x_wconf 87' lang='lat' dir='ltr'><strong>mammalium</strong></span> <span class='ocrx_word' id='word_1_300' title='bbox 1011 4595 1215 4687; x_wconf 75' lang='lat' dir='ltr'><strong>corporibus</strong></span> <span class='ocrx_word' id='word_1_301' title='bbox 1240 4605 1400 4686; x_wconf 88' lang='lat' dir='ltr'><strong>expertus</strong></span> <span class='ocrx_word' id='word_1_302' title='bbox 1427 4617 1519 4682; x_wconf 88' lang='lat' dir='ltr'><strong>sum,</strong></span> <span class='ocrx_word' id='word_1_303' title='bbox 1553 4593 1758 4687; x_wconf 89' lang='lat' dir='ltr'><strong>plerumque</strong></span> <span class='ocrx_word' id='word_1_304' title='bbox 1779 4597 1883 4690; x_wconf 87' lang='lat' dir='ltr'><strong>paulo</strong></span> 
     </span>
     <span class='ocr_line' id='line_1_30' title="bbox 253 4729 1882 4828; baseline 0.009 -36"><span class='ocrx_word' id='word_1_305' title='bbox 253 4745 359 4816; x_wconf 88' lang='lat' dir='ltr'><strong>supra</strong></span> <span class='ocrx_word' id='word_1_306' title='bbox 376 4735 508 4797; x_wconf 87' lang='lat' dir='ltr'><strong>sextum</strong></span> <span class='ocrx_word' id='word_1_307' title='bbox 528 4749 709 4798; x_wconf 89' lang='lat' dir='ltr'><strong>nervorum</strong></span> <span class='ocrx_word' id='word_1_308' title='bbox 727 4729 949 4799; x_wconf 87' lang='lat' dir='ltr'><strong>cervicalium</strong></span> <span class='ocrx_word' id='word_1_309' title='bbox 961 4752 1039 4823; x_wconf 85' lang='lat' dir='ltr'><strong>par.</strong></span> <span class='ocrx_word' id='word_1_310' title='bbox 1099 4733 1212 4828; x_wconf 80' lang='lat' dir='ltr'><strong>Saepe</strong></span> <span class='ocrx_word' id='word_1_311' title='bbox 1233 4755 1372 4824; x_wconf 86' lang='lat' dir='ltr'><strong>quoque</strong></span> <span class='ocrx_word' id='word_1_312' title='bbox 1394 4734 1611 4805; x_wconf 81' lang='lat' dir='ltr'><strong>observatum</strong></span> <span class='ocrx_word' id='word_1_313' title='bbox 1638 4745 1708 4822; x_wconf 82' lang='lat' dir='ltr'><strong>eat,</strong></span> <span class='ocrx_word' id='word_1_314' title='bbox 1741 4757 1882 4806; x_wconf 86' lang='lat' dir='ltr'><strong>nervum</strong></span> 
     </span>
     <span class='ocr_line' id='line_1_31' title="bbox 254 4863 1884 4964; baseline 0.006 -32"><span class='ocrx_word' id='word_1_315' title='bbox 254 4863 395 4933; x_wconf 86' lang='lat' dir='ltr'><strong>alterius</strong></span> <span class='ocrx_word' id='word_1_316' title='bbox 410 4864 526 4934; x_wconf 88' lang='lat' dir='ltr'><strong>lateris</strong></span> <span class='ocrx_word' id='word_1_317' title='bbox 538 4865 639 4935; x_wconf 87' lang='lat' dir='ltr'><strong>altius</strong></span> <span class='ocrx_word' id='word_1_318' title='bbox 651 4876 709 4934; x_wconf 90' lang='lat' dir='ltr'><strong>aut</strong></span> <span class='ocrx_word' id='word_1_319' title='bbox 724 4865 868 4937; x_wconf 82' lang='lat' dir='ltr'><strong>inferius</strong></span> <span class='ocrx_word' id='word_1_320' title='bbox 882 4889 984 4957; x_wconf 86' lang='lat' dir='ltr'><strong>quam</strong></span> <span class='ocrx_word' id='word_1_321' title='bbox 998 4872 1143 4944; x_wconf 84' lang='lat' dir='ltr'><strong>alterum</strong></span> <span class='ocrx_word' id='word_1_322' title='bbox 1158 4873 1261 4961; x_wconf 88' lang='lat' dir='ltr'><strong>oriri,</strong></span> <span class='ocrx_word' id='word_1_323' title='bbox 1276 4871 1310 4942; x_wconf 87' lang='lat' dir='ltr'><strong>e&#39;t</strong></span> <span class='ocrx_word' id='word_1_324' title='bbox 1325 4879 1363 4942; x_wconf 91' lang='lat' dir='ltr'><strong>ut</strong></span> <span class='ocrx_word' id='word_1_325' title='bbox 1378 4869 1519 4944; x_wconf 76' lang='lat' dir='ltr'><strong>Sonare</strong></span> <span class='ocrx_word' id='word_1_326' title='bbox 1538 4865 1574 4964; x_wconf 85' lang='lat'><strong>⁷)</strong></span> <span class='ocrx_word' id='word_1_327' title='bbox 1593 4871 1727 4958; x_wconf 90' lang='lat' dir='ltr'><strong>docuit,</strong></span> <span class='ocrx_word' id='word_1_328' title='bbox 1744 4871 1884 4944; x_wconf 87' lang='lat' dir='ltr'><strong>brevior</strong></span> 
     </span>
    </p>
   </div>
   <div class='ocr_carea' id='block_1_5' title="bbox 216 5101 1881 5284">
    <p class='ocr_par' dir='ltr' id='par_1_6' title="bbox 216 5101 1881 5284">
     <span class='ocr_line' id='line_1_32' title="bbox 216 5101 1881 5178; baseline 0.009 -23"><span class='ocrx_word' id='word_1_329' title='bbox 216 5141 222 5148; x_wconf 92' lang='lat'><strong>.</strong></span> <span class='ocrx_word' id='word_1_330' title='bbox 301 5101 335 5170; x_wconf 86' lang='lat' dir='ltr'><strong>e)</strong></span> <span class='ocrx_word' id='word_1_331' title='bbox 354 5101 459 5156; x_wconf 72' lang='grc' dir='ltr'><strong>εοιιιι</strong></span> <span class='ocrx_word' id='word_1_332' title='bbox 481 5102 655 5174; x_wconf 71' lang='lat' dir='ltr'><strong>ltttauttang</strong></span> <span class='ocrx_word' id='word_1_333' title='bbox 675 5103 739 5161; x_wconf 80' lang='lat' dir='ltr'><strong>tter</strong></span> <span class='ocrx_word' id='word_1_334' title='bbox 755 5103 801 5162; x_wconf 82' lang='grc' dir='ltr'><strong>ιιιι</strong></span> <span class='ocrx_word' id='word_1_335' title='bbox 822 5119 880 5174; x_wconf 69' lang='lat' dir='ltr'><strong>autu</strong></span> <span class='ocrx_word' id='word_1_336' title='bbox 898 5107 983 5174; x_wconf 66' lang='lat' dir='ltr'><strong>oeten</strong></span> <span class='ocrx_word' id='word_1_337' title='bbox 999 5111 1089 5178; x_wconf 62' lang='lat' dir='ltr'><strong>vnete</strong></span> <span class='ocrx_word' id='word_1_338' title='bbox 1105 5112 1150 5167; x_wconf 80' lang='grc' dir='ltr'><strong>ιιι</strong></span> <span class='ocrx_word' id='word_1_339' title='bbox 1165 5111 1359 5178; x_wconf 67' lang='grc' dir='ltr'><strong>Θιιιιιιιιιιιιιι</strong></span> <span class='ocrx_word' id='word_1_340' title='bbox 1384 5109 1564 5178; x_wconf 76' lang='lat' dir='ltr'><strong>ttotouftuttu</strong></span> <span class='ocrx_word' id='word_1_341' title='bbox 1581 5109 1736 5169; x_wconf 69' lang='lat' dir='ltr'><strong>mucun-</strong></span> <span class='ocrx_word' id='word_1_342' title='bbox 1774 5115 1814 5178; x_wconf 75' lang='grc' dir='ltr'><strong>ξςιι</strong></span> <span class='ocrx_word' id='word_1_343' title='bbox 1835 5116 1881 5170; x_wconf 80' lang='grc' dir='ltr'><strong>ιιι</strong></span> 
     </span>
     <span class='ocr_line' id='line_1_33' title="bbox 351 5193 1755 5284; baseline 0.008 -34"><span class='ocrx_word' id='word_1_344' title='bbox 351 5193 559 5264; x_wconf 66' lang='grc' dir='ltr'><strong>ιιιιιιιιιιιιιιι</strong></span> <span class='ocrx_word' id='word_1_345' title='bbox 577 5197 620 5251; x_wconf 77' lang='grc' dir='ltr'><strong>ιιι</strong></span> <span class='ocrx_word' id='word_1_346' title='bbox 636 5195 705 5256; x_wconf 79' lang='lat' dir='ltr'><strong>rtet.</strong></span> <span class='ocrx_word' id='word_1_347' title='bbox 720 5197 813 5266; x_wconf 75' lang='lat' dir='ltr'><strong>latitat</strong></span> <span class='ocrx_word' id='word_1_348' title='bbox 829 5197 926 5270; x_wconf 65' lang='lat' dir='ltr'><strong>liutet.</strong></span> <span class='ocrx_word' id='word_1_349' title='bbox 943 5199 1146 5269; x_wconf 69' lang='grc' dir='ltr'><strong>ξιοῐιιιιιιῐιιιι</strong></span> <span class='ocrx_word' id='word_1_350' title='bbox 1163 5201 1279 5284; x_wconf 62' lang='lat' dir='ltr'><strong>tibure.</strong></span> <span class='ocrx_word' id='word_1_351' title='bbox 1296 5201 1433 5258; x_wconf 73' lang='grc' dir='ltr'><strong>ιιιιιιιιιι</strong></span> <span class='ocrx_word' id='word_1_352' title='bbox 1457 5201 1512 5263; x_wconf 81' lang='lat' dir='ltr'><strong>st.</strong></span> <span class='ocrx_word' id='word_1_353' title='bbox 1529 5203 1550 5258; x_wconf 73' lang='lat' dir='ltr'><strong>l.</strong></span> <span class='ocrx_word' id='word_1_354' title='bbox 1583 5203 1660 5262; x_wconf 67' lang='lat' dir='ltr'><strong>nitu</strong></span> <span class='ocrx_word' id='word_1_355' title='bbox 1676 5211 1755 5266; x_wconf 75' lang='lat'><strong>1⁷87.</strong></span> 
     </span>
    </p>
   </div>
   <div class='ocr_carea' id='block_1_6' title="bbox 301 5299 647 5372">
    <p class='ocr_par' dir='ltr' id='par_1_7' title="bbox 301 5299 647 5372">
     <span class='ocr_line' id='line_1_34' title="bbox 301 5299 647 5372; baseline 0.003 -17"><span class='ocrx_word' id='word_1_356' title='bbox 301 5299 333 5367; x_wconf 84' lang='grc' dir='ltr'><strong>ι)</strong></span> <span class='ocrx_word' id='word_1_357' title='bbox 354 5300 457 5356; x_wconf 76' lang='lat' dir='ltr'><strong>snm</strong></span> <span class='ocrx_word' id='word_1_358' title='bbox 471 5301 490 5356; x_wconf 86' lang='lat'><strong>1.</strong></span> <span class='ocrx_word' id='word_1_359' title='bbox 508 5301 527 5356; x_wconf 88' lang='grc' dir='ltr'><strong>ι.</strong></span> <span class='ocrx_word' id='word_1_360' title='bbox 542 5319 568 5372; x_wconf 70' lang='grc' dir='ltr'><strong>ρ.</strong></span> <span class='ocrx_word' id='word_1_361' title='bbox 586 5301 647 5356; x_wconf 82' lang='lat' dir='ltr'><strong>aaa</strong></span> 
     </span>
    </p>
   </div>
   <div class='ocr_carea' id='block_1_7' title="bbox 0 0 2343 6164">
    <p class='ocr_par' dir='ltr' id='par_1_8' title="bbox 0 0 2343 6164">
     <span class='ocr_line' id='line_1_35' title="bbox 0 0 2343 6164; baseline 0 0"><span class='ocrx_word' id='word_1_362' title='bbox 0 0 2343 6164; x_wconf 95' lang='lat' dir='ltr'><strong> </strong></span> 
     </span>
    </p>
   </div>
  </div>
 </body>
</html>
