4678 6170
1819 593 2130 700 tr'

255 801 399 872 consilio
415 801 517 886 tecit,
547 806 586 869 ut
604 799 648 868 ad
669 819 709 867 sa
722 796 895 889 juditium
911 813 1008 868 suum
1031 799 1078 868 do
1095 795 1288 893 sententiis,
1322 818 1406 887 quus
1428 797 1650 868 recentissimi
1667 798 1868 892 physiologi

250 938 299 1008 da
323 947 394 1006 tote
416 935 482 1004 bac
499 935 697 1025 quaestione
715 935 893 1024 hucusque
913 936 1086 1022 tulissent,
1118 934 1371 1035 modestissima
1409 935 1485 1028 ejus
1501 937 1608 1029 igitur
1630 936 1870 1026 experimentis

253 1073 341 1142 mibi
352 1075 568 1164 contingeret
582 1094 649 1141 uon
663 1072 766 1140 modo
777 1072 914 1158 adesse,
939 1073 1006 1144 sed
1018 1072 1189 1142 interdum
1203 1073 1303 1142 etiarn
1319 1095 1458 1163 oporam
1477 1075 1508 1142 ei
1530 1094 1653 1142 narare
1672 1073 1707 1140 in
1718 1073 1761 1140 iis
1772 1073 1870 1142 insti·
1975 1131 1980 1142 .

253 1212 398 1280 tuendis.
445 1211 612 1297 Quoniam
629 1210 790 1299 equidem
809 1231 930 1300 sparo,
954 1211 1029 1278 iore
1045 1221 1082 1280 nt
1098 1207 1226 1278 amicus
1248 1233 1306 1296 ea,
1331 1229 1418 1298 qaae
1435 1234 1477 1282 ex
1494 1211 1552 1280 bis
1568 1213 1638 1280 suis
1657 1213 1869 1302 experimen·

254 1353 317 1436 tis,
341 1351 517 1439 inquibus
534 1351 662 1419 versari
686 1351 836 1418 noudum
854 1349 973 1434 dedit,
998 1349 1158 1440 colligat,
1180 1347 1254 1437 ipse
1272 1345 1446 1440 divulget,
1475 1348 1544 1417 boc
1563 1349 1639 1416 loeo
1662 1349 1699 1416 id
1723 1353 1870 1416 lauturu-

256 1488 360 1560 modo
387 1489 422 1556 in
445 1488 595 1556 medium
621 1487 811 1578 proferam,
844 1485 915 1556 illis
939 1487 1179 1576 experimentis
1198 1487 1457 1577 comprobatam
1482 1507 1556 1558 esre
1583 1489 1675 1556 omui
1705 1511 1746 1556 ex
1772 1497 1871 1578 parte

256 1627 437 1694 Maecenas
457 1627 673 1710 seutentiam,
705 1647 807 1714 quern
834 1625 879 1694 de
905 1626 1048 1716 singolis
1067 1643 1246 1690 nervorum
1266 1624 1446 1714 spinalinru
1468 1623 1644 1693 radicibus
1672 1625 1767 1706 tulit;
1805 1647 1871 1694 nou

256 1762 350 1830 idern
372 1763 417 1830 de
437 1762 556 1853 virgis.
613 1763 700 1830 Nem
721 1763 849 1846 evenit,
883 1770 921 1830 ut
943 1758 1099 1830 animalia
1118 1759 1319 1848 plerumque
1342 1760 1546 1830 dissectione
1569 1769 1641 1828 tum
1665 1761 1874 1852 poeticarum

222 1888 228 1897 ’
257 1909 328 1966 tum
345 1899 529 1967 amicerum
547 1899 722 1989 virgarum
741 1898 964 1968 sensibilitate
983 1907 1017 1968 et
1030 1859 1177 1966 motione
1195 1901 1430 1988 privarentur,
1461 1900 1652 1969 irritatione
1668 1911 1780 1970 autem
1801 1911 1874 1970 tum

257 2036 445 2106 aulicarum
476 2046 549 2104 turn
580 2037 787 2126 poeticarum
820 2037 1067 2105 contractiones
1099 2040 1329 2108 musculorum
1361 2041 1501 2126 tierent,
1552 2040 1700 2128 denique
1733 2041 1875 2110 irritatis

260 2172 413 2260 utrisque
431 2173 539 2276 virgis
556 2173 686 2242 bestiae
707 2172 826 2242 dolum
843 2195 881 2244 se
896 2173 1036 2244 affectas
1051 2174 1252 2242 iudicarent
1311 2175 1365 2244 Ex
1383 2176 1441 2244 llis
1462 2178 1524 2246 etsi
1543 2179 1701 2268 apparuit
1721 2177 1876 2265 utrisque

260 2307 368 2401 virgis
391 2329 464 2378 esse
481 2317 517 2378 et
533 2310 722 2380 sensificam
747 2320 781 2380 et
801 2312 978 2380 motorium
1000 2311 1089 2397 viru,
1121 2312 1201 2402 plus
1219 2321 1329 2398 taurea
1352 2312 1587 2383 sensibilitatis
1607 2315 1766 2404 posticis,
1798 2314 1879 2403 plus

260 2451 423 2541 melodas
437 2453 614 2542 poteststis
628 2453 749 2520 enticis
766 2452 874 2520 inesse
899 2451 1096 2520 invenimus
1132 2487 1182 2500 —
1213 2448 1283 2517 Sed
1300 2450 1478 2542 diligentia
1496 2469 1536 2518 ac
1552 2471 1635 2520 curn
1649 2473 1716 2538 qua
1731 2451 1879 2520 Beonan

262 2589 493 2678 experimenta
510 2588 612 2674 iecit,
637 2597 726 2656 muta
742 2587 846 2656 luisse
861 2586 1015 2674 ridetur,
1042 2595 1079 2654 nt
1095 2607 1134 2653 ea
1151 2607 1238 2674 quae
1255 2607 1291 2654 se
1309 2586 1507 2657 observasse
1526 2587 1630 2675 dicit,
1654 2589 1712 2657 rix
1729 2587 1879 2656 addubi-

261 2729 327 2796 tari
345 2729 496 2818 possint,
532 2738 567 2796 et
584 2717 727 2796 tortasse
746 2725 851 2794 etiarn
868 2725 996 2796 anricus
1013 2746 1108 2795 meus
1125 2725 1327 2794 continuatis
1349 2727 1590 2817 experimentis
1609 2728 1677 2796 sibi
1691 2727 1880 2818 persuade·

153 2925 155 2928 .
264 2865 335 2952 bit,
368 2865 470 2934 etiam
485 2867 519 2933 iu
537 2865 647 2958 virgis
662 2863 833 2934 medullae
849 2865 991 2956 spinalis
1017 2864 1102 2933 duas
1121 2864 1199 2934 illes
1216 2865 1395 2935 facultates
1414 2887 1554 2959 prorsus
1574 2875 1745 2956 separatas
1762 2867 1879 2934 inesse.
1974 2967 1981 2982 ι

263 3004 351 3074 Utnt
384 3011 455 3087 est,
500 3025 588 3092 quse
618 3004 796 3094 hucusque
828 3003 917 3072 facte
944 3011 1020 3072 sunt
1053 3006 1285 3094 experimenta
1322 3006 1404 3072 setis
1432 3013 1618 3074 manarate
1653 3004 1736 3072 siris
1768 3003 1880 3072 doctis

262 3141 487 3229 ridebantur,
522 3102 623 3232 quarn
640 3141 869 3233 conjecturam
890 3165 909 3209 e
926 3141 1101 3222 radicibus
1117 3160 1297 3212 nervorum
1311 3143 1492 3234 spinolium
1514 3143 1559 3212 de
1576 3144 1687 3235 virgis
1705 3144 1882 3228 fecissent,

265 3282 443 3350 onosma
465 3282 573 3374 virga
597 3282 641 3351 aa
666 3283 965 3352 coelimontano
986 3285 1114 3368 nonis,
1149 3265 1209 3372 qn
1233 3309 1253 3351 e
1279 3284 1428 3352 meduna
1448 3285 1570 3374 spem
1589 3285 1758 3376 originem
1780 3285 1884 3354 nuce

264 3428 358 3505 rent,
380 3420 456 3488 lieri
473 3439 594 3510 posae;
630 3430 669 3488 ut
684 3421 877 3488 cerebrales
895 3442 1032 3508 quoque
1049 3423 1143 3490 nervi
1168 3443 1188 3489 a
1212 3421 1344 3512 postica
1367 3431 1466 3513 perte
1493 3424 1665 3491 medullae
1683 3425 1886 3514 spinaliset
1917 3419 1920 3424 ’

264 3557 471 3652 oblongame
489 3577 673 3652 eorumque
690 3557 940 3626 continuatione
957 3557 1005 3625 ad
1021 3560 1199 3628 cerebruui
1221 3561 1359 3630 oriundi
1385 3561 1530 3632 sensilici
1549 3545 1686 3646 essent,
1712 3563 1737 3629 ii
1756 3570 1885 3646 autern,

266 3695 374 3781 quiin
389 3697 499 3764 eutice
516 3704 613 3787 perte
634 3695 822 3778 orirentur,
854 3695 999 3764 meteriis
1041 3669 1145 3766 'Cum
1167 3701 1276 3791 igitur
1293 3700 1547 3786 deterserim,
1574 3695 1702 3795 Vagus
1722 3711 1756 3768 et
1779 3695 1887 3768 Glos-

265 3829 542 3928 sopiraryngercr
557 3857 576 3904 e
593 3835 840 3903 continuatione
858 3835 1065 3923 poeticarum
1080 3837 1254 3929 virgarum
1272 3837 1458 3921 orirentur,
1478 3837 1612 3906 idcirco
1627 3857 1684 3904 eos
1699 3837 1889 3924 sensilicos,

267 3961 456 4036 Faciulem
481 3979 619 4056 contra,
649 3970 708 4058 qui
730 3968 774 4036 ab
794 3969 917 4038 aulicis
930 3971 1039 4063 virgis
1055 3972 1226 4062 originem
1244 3973 1404 4060 duceret,
1429 3974 1616 4068 rnsrtorinru¹
1630 3974 1740 4041 solnm
1759 3972 1890 4042 habeu-

268 4104 351 4172 dnm
368 4123 442 4174 esse
460 4105 699 4174 existimarunt.

368 4223 455 4312 Cum
475 4241 561 4311 milri
580 4245 720 4331 quidem
740 4243 823 4334 jare
846 4245 965 4336 negari
987 4265 1054 4313 non
1074 4261 1175 4334 posse
1194 4245 1371 4330 rideatur,
1404 4266 1485 4314 rere
1502 4225 1594 4316 'illud
1618 4248 1663 4317 de
1687 4249 1796 4340 virgis
1817 4271 1890 4317 me-

270 4380 384 4448 dullae
400 4380 540 4471 spinalis
564 4381 693 4448 dictum
717 4403 807 4466 esse,
838 4381 940 4449 lateri
965 4399 1092 4471 cogor,
1124 4385 1215 4453 hanc
1239 4386 1469 4474 quaestionem
1493 4387 1599 4478 longe
1622 4407 1697 4456 esse
1721 4389 1892 4480 explicatu

269 4515 526 4605 difficillimam,
552 4519 608 4588 cui
626 4537 766 4608 prorsus
782 4518 997 4608 expediendo
1017 4518 1129 4608 impar
1141 4541 1225 4588 sum.
1274 4521 1428 4606 Tamen,
1455 4521 1519 4589 nisi
1533 4517 1657 4609 fallor,
1677 4524 1777 4613 plura
1797 4533 1892 4608 sunt,
2034 4519 2036 4524 ’

271 4663 412 4744 propter
431 4679 518 4746 quae
538 4656 695 4727 dubitare
717 4655 837 4744 liceat,
872 4679 914 4726 an
935 4657 1036 4725 stetui
1062 4657 1188 4748 possit,
1223 4655 1367 4725 eandem
1390 4675 1590 4746 nemorum,
1624 4660 1684 4748 qul
1705 4683 1724 4730 e
1744 4661 1894 4732 medulla

271 4790 456 4883 oblongate
474 4794 615 4884 ejusque
634 4797 679 4864 ad
696 4797 876 4866 cerebrum
891 4795 1143 4864 continuatione
1161 4791 1335 4880 uriuntsm,
1359 4803 1462 4883 atque
1478 4796 1512 4863 ln
1528 4797 1720 4866 uuiversum
1736 4798 1895 4866 cerebra·

271 4929 356 4998 lium
376 4950 556 5000 nervorum
574 4934 737 5004 rationem
760 4955 842 5004 esse.
891 4934 1028 5005 Etenim
1049 4935 1079 5004 si
1101 4930 1329 5002 concedemus
1349 4933 1460 5002 nervis
1484 4933 1646 5018 eandem,
1665 4953 1768 5021 quarn
1787 4936 1917 5028 virgis·

272 5067 365 5136 unm
381 5066 534 5136 oriantur
552 5069 620 5138 sim
641 5092 681 5139 ee
697 5080 849 5142 naturam
868 5090 958 5156 esse,
982 5089 1121 5140 neceme
1137 5067 1224 5136 milri
1245 5069 1383 5138 ridetur
1403 5067 1490 5138 haee
1506 5071 1563 5137 lex
1584 5067 1619 5137 in
1638 5089 1756 5140 omnes
1776 5093 1896 5142 nervos

272 5205 398 5288 valeat,
435 5204 482 5272 its
510 5212 549 5274 ut
574 5206 668 5274 uerri
697 5207 873 5296 spostica
899 5216 997 5296 parte
1020 5205 1190 5295 originem
1220 5204 1403 5290 ducentes,
1438 5222 1560 5297 reapse
1587 5208 1651 5276 soli
1679 5208 1895 5281 sensibilitati
