4678 6170
1821 621 1876 708 bt

240 825 398 920 plantas
429 822 516 896 locis
542 824 671 916 ment
730 825 843 912 Quem
872 825 974 896 aulea
1006 825 1171 897 videlicet
1204 843 1262 896 ess
1290 831 1392 914 atque
1417 821 1629 896 ‘namins
1648 823 1803 916 jacim,
1838 830 1868 898 sl

241 970 318 1059 quis
343 967 475 1038 rutiuue
503 975 538 1036 et
561 967 752 1066 anatomiae
775 967 918 1038 mentia
947 967 1071 1038 ductus
1092 963 1137 1033 ad
1157 963 1352 1056 opinionem
1378 963 1528 1052 attqmm
1555 960 1604 1034 de
1618 963 1871 1060 physiologicis

241 1109 345 1180 robus
377 1107 671 1199 comprobandam
703 1107 747 1176 iis
788 1117 920 1190 utatur3
960 1115 1030 1176 tam
1067 1107 1216 1178 nefarias
1235 1151 1240 1162 -
1261 1105 1400 1174 easdem
1443 1125 1585 1192 censeo,
1620 1107 1649 1174 si
1692 1109 1769 1197 quis
1812 1128 1870 1180 ets

241 1251 346 1320 iaciat
373 1271 439 1322 non
467 1247 623 1318 discendi
649 1267 768 1335 causa,
803 1211 867 1318 sed
887 1249 1083 1318 curiositate
1104 1247 1254 1338 quadam
1280 1256 1478 1318 commotus.
1537 1248 1747 1338 Plerumque
1778 1252 1870 1319 enim

243 1390 289 1459 de
315 1385 406 1458 Wta
423 1383 596 1460 animalis
621 1389 756 1480 agitur,
793 1406 882 1476 quae
907 1409 1011 1479 saepe
1042 1391 1183 1459 summis
1209 1389 1388 1482 doloribus
1412 1389 1637 1479 maximisque
1661 1392 1871 1463 cruciatibus

243 1531 501 1622 pessumdatur;
536 1531 632 1620 quod
658 1532 719 1620 qui
746 1530 1023 1618 temerelaciat,
1055 1553 1131 1644 epm
1157 1554 1245 1625 ego,
1282 1533 1346 1601 etsi
1365 1533 1471 1626 longe
1493 1532 1614 1601 absum
1644 1533 1787 1602 animia
1811 1533 1872 1602 illa

242 1671 347 1740 mini
359 1669 522 1757 mollitie,
539 1691 627 1759 quae
634 1668 717 1761 jure
729 1667 1003 1761 reprehendetur
1014 1671 1071 1738 vel
1085 1649 1288 1758 irrideatur,
1313 1680 1423 1740 tamen
1436 1651 1677 1759 inhumanum,
1691 1671 1872 1742 immanem

246 1821 347 1901 atque
366 1812 562 1904 improbum
584 1812 749 1882 existimo.

344 1955 442 2024 llaec
463 1973 542 2022 cum
564 1973 700 2022 mecum
721 1959 936 2044 reputarem,
962 1962 1034 2022 tum
1059 1952 1217 2040 demum,
1241 1973 1320 2022 cum
1343 1951 1551 2040 rationibus,
1578 1960 1612 2022 et
1632 1962 1782 2021 amente
1801 1953 1875 2022 sola

248 2103 282 2162 et
298 2094 342 2162 ah
359 2095 529 2166 anatomia
547 2095 684 2185 petitis,
716 2094 804 2164 mihi
824 2097 1085 2186 persuasisssm,
1117 2093 1191 2162 veri
1211 2113 1285 2162 esse
1304 2093 1516 2162 simillimum
1534 2091 1602 2160 vim
1620 2091 1798 2162 motorium
1818 2093 1876 2161 cui

254 2230 383 2328 Pagus
404 2235 581 2306 videretur
599 2255 777 2326 praeesse,
810 2258 875 2327 per
893 2233 1148 2306 Accessorium
1167 2231 1277 2321 ellici,
1310 2235 1354 2301 ab
1374 2256 1483 2324 eoque
1502 2255 1621 2304 rocem
1646 2234 1783 2327 penitus
1802 2255 1876 2305 esse

249 2381 384 2464 aptam,
407 2373 649 2446 vivisectioncs
663 2375 866 2444 dissectione
884 2373 990 2465 hqjus
1007 2373 1102 2444 nervi
1122 2371 1239 2452 lacere
1259 2395 1360 2443 nusus
1380 2393 1465 2444 sum.
1512 2373 1618 2444 Brevi
1634 2373 1785 2444 intellexi
1805 2373 1878 2442 dis-

250 2517 402 2585 sectione
420 2515 599 2584 exterioris
617 2515 702 2583 rami
722 2515 847 2602 solius,
879 2513 916 2584 id
936 2514 1031 2605 quod
1051 2513 1198 2585 Bsunms
1219 2526 1253 2585 et
1270 2517 1504 2586 Anrsnansus
1528 2509 1581 2607 23)
1610 2515 1782 2601 lecerunt,
1812 2537 1878 2585 non

251 2653 355 2723 modo
385 2655 433 2724 nil
459 2655 545 2724 certi
575 2655 766 2746 explorari,
796 2651 858 2724 sed
881 2655 919 2722 id
947 2657 1041 2745 quod
1068 2664 1156 2724 esset
1181 2664 1285 2748 ceput
1314 2657 1418 2724 totius
1439 2655 1644 2745 quaestionis
1672 2653 1810 2724 omnino
1835 2651 1879 2722 sd

252 2795 423 2883 liquidum
442 2795 588 2886 perduci
610 2816 678 2864 uon
696 2816 806 2886 pome.
866 2793 989 2865 anrr
1012 2796 1243 2888 experimenta
1257 2794 1333 2888 jam
1356 2804 1600 2881 monstrarant,
1625 2793 1769 2884 quidex
1785 2803 1880 2864 ante·

251 2935 353 3004 ricrls
367 2936 462 3003 nami
491 2935 694 3006 dissectione
720 2935 809 3006 lucri
836 2945 1041 3028 caperetur3
1078 2915 1287 3006 Anemurium
1318 2945 1431 3006 autem
1460 2936 1731 3028 experimentum
1753 2933 1882 3004 nullius

254 3076 340 3146 mihi
366 3077 549 3147 videbatur
573 3079 676 3170 pretii
706 3099 788 3148 esse.
850 3077 1050 3168 Numquae
1076 3074 1296 3147 Accessorio
1322 3077 1472 3154 dissecto
1495 3073 1640 3143 sedicit
1663 3074 1881 3159 observasse,

255 3216 375 3288 eadem
393 3217 469 3308 jam
489 3219 668 3312 eveniunt,
693 3219 723 3288 si
744 3217 840 3309 quod
858 3218 1005 3306 animal,
1030 3213 1126 3307 quod
1142 3223 1261 3284 natura
1283 3217 1331 3285 ita
1352 3225 1404 3284 est
1421 3223 1674 3305 comparatum,
1700 3223 1739 3284 ut
1755 3215 1884 3284 levius·

254 3357 331 3426 cula
356 3356 471 3446 aliqua
498 3357 678 3429 allectione
704 3365 898 3442 moveatur,
931 3357 1077 3427 sinordis
1100 3356 1376 3450 constringatur3
1412 3367 1665 3447 consequuntur
1686 3355 1782 3427 illico
1813 3368 1886 3426 tum

255 3497 512 3582 convulsiones,
537 3496 783 3566 involuntariae
801 3495 870 3564 alvi
892 3497 1124 3582 excretioues,
1149 3496 1337 3582 moestitia,
1362 3495 1518 3588 ejulatus.
1569 3499 1750 3566 Praeterea
1766 3495 1886 3564 Annu-

256 3659 391 3708 arsrurus
412 3658 549 3728 quoque
567 3658 699 3706 ramum
715 3645 893 3706 externum
916 3635 1151 3704 tantummodo
1172 3635 1342 3705 dissecuit
1399 3638 1519 3724 ltaque
1544 3656 1624 3705 mcx
1644 3635 1793 3728 cognovi
1814 3656 1888 3703 rem

259 3783 430 3872 explorari
449 3804 514 3851 non
532 3802 652 3873 posse,
675 3780 750 3850 nisi
766 3777 1006 3850 Accessorius
1024 3779 1125 3848 intra
1142 3779 1326 3864 cranium,
1348 3778 1564 3874 priusquam
1584 3799 1661 3846 cum
1684 3773 1722 3846 V
1721 3795 1795 3872 ogo
1812 3795 1889 3846 sese

251 3920 442 4016 jungeret,
466 3917 720 3992 dissereretur.
771 3917 822 3988 Ut
843 3940 925 3986 reru
944 3918 990 3985 ad
1007 3916 1159 3988 feramen
1179 3917 1328 3987 lacerum
1350 3941 1414 4011 per
1434 3919 1530 4008 quod
1552 3899 1682 4014 Vagus
1703 3929 1737 3986 et
1754 3915 1889 3988 Acces-

258 4061 380 4130 sorr'us
401 4083 420 4129 e
439 4059 555 4130 cranio
577 4067 700 4128 exeunt
720 4057 958 4149 pervenirem,
992 4055 1088 4124 initio
1105 4057 1375 4148 trepanatiouem
1401 4057 1689 4150 simplicissimam
1710 4079 1784 4128 esse
1802 4058 1892 4127 vium

259 4203 388 4296 putavi.
464 4261 469 4268 .

357 4347 437 4416 Hoc
454 4343 597 4414 consilio
618 4343 786 4438 vigesimo
803 4341 893 4437 Maji
914 4341 1081 4436 juvenilis
1103 4340 1246 4435 ejusque
1269 4343 1462 4412 alacerrimi
1485 4343 1578 4412 canis
1599 4343 1752 4411 cranium
1776 4342 1811 4408 in
1831 4362 1892 4408 an·

262 4485 346 4576 gulo
366 4485 521 4554 inferiori
542 4484 654 4554 dextri
676 4484 761 4553 ossis
783 4482 972 4576 hregmatis
995 4491 1136 4571 trepano
1157 4481 1341 4572 perloruvi.
1401 4479 1474 4549 Sed
1494 4491 1614 4572 aperto
1633 4480 1749 4550 cranio
1773 4501 1815 4546 ue
1835 4499 1894 4547 ce-

263 4622 431 4693 rebellum
456 4625 597 4715 quidem
624 4623 716 4710 vidi,
753 4621 815 4693 sed
842 4621 1075 4691 tantummodo
1104 4617 1396 4711 hemisphaerium
1424 4619 1559 4690 cerebri
1585 4642 1607 4687 a
1632 4641 1688 4686 me
1715 4617 1896 4687 nudatamt

263 4759 377 4852 quidl
400 4773 541 4855 trepano
555 4765 663 4832 multo
677 4762 822 4832 inferius
840 4783 880 4832 ac
895 4761 1065 4854 posterius
1078 4761 1235 4850 admoto,
1260 4762 1411 4832 nondum
1424 4761 1463 4830 id
1479 4761 1574 4853 quod
1588 4761 1681 4831 volui
1697 4767 1897 4849 assequutus

263 4920 348 4972 sum.
399 4901 485 4970 Mox
500 4903 653 4973 intellexi
674 4926 821 4974 nervum·
839 4913 907 4972 tam
922 4902 991 4972 alte
1012 4901 1214 4994 depressum
1235 4901 1270 4971 in
1292 4901 1366 4970 basi
1387 4902 1498 4972 cranii
1516 4901 1654 4995 jacere,
1678 4909 1817 4988 tamque
1840 4919 1897 4968 ce-

265 5039 398 5112 rebello
414 5038 623 5130 obductum,
649 5040 687 5110 u't
702 5043 897 5135 nentiquam
918 5041 978 5112 ille
999 5043 1153 5136 conspici
1171 5047 1303 5138 possit3
1338 5048 1501 5136 quocirca
1527 5065 1613 5138 opus
1634 5063 1726 5132 esse,
1759 5053 1797 5111 ut
1822 5042 1898 5111 locu

301 5293 352 5364 tt)
369 5299 524 5352 Αιιιιιιιιιι
540 5295 665 5364 unleds
681 5295 744 5354 dtrr
759 5297 800 5355 tte
813 5297 1009 5368 stremcrttcc
1026 5297 1082 5355 Bt.
1099 5294 1123 5350 Ι.
1139 5295 1213 5363 'ct
1229 5291 1273 5348 tt.
1288 5311 1314 5364 p
1329 5295 1373 5350 tt.
